day,timestamp,product,bid_price_1,bid_volume_1,bid_price_2,bid_volume_2,bid_price_3,bid_volume_3,ask_price_1,ask_volume_1,ask_price_2,ask_volume_2,ask_price_3,ask_volume_3,mid_price,profit_and_loss
2,0,CHOCOLATE,7888,123,,,,,7890,123,,,,,7889.0,0.0
2,100,CHOCOLATE,7889,102,,,,,7890,48,7891.0,54.0,,,7889.5,0.0
2,200,CHOCOLATE,7890,62,7889.0,50.0,,,7891,112,,,,,7890.5,0.0
2,300,CHOCOLATE,7889,109,,,,,7891,109,,,,,7890.0,0.0
2,400,CHOCOLATE,7889,107,,,,,7891,107,,,,,7890.0,0.0
2,500,CHOCOLATE,7888,127,,,,,7890,127,,,,,7889.0,0.0
2,600,CHOCOLATE,7888,121,,,,,7890,121,,,,,7889.0,0.0
2,700,CHOCOLATE,7888,141,,,,,7890,141,,,,,7889.0,0.0
2,800,CHOCOLATE,7889,117,,,,,7891,117,,,,,7890.0,0.0
2,900,CHOCOLATE,7888,121,,,,,7890,121,,,,,7889.0,0.0
2,1000,CHOCOLATE,7890,105,,,,,7892,105,,,,,7891.0,0.0
2,1100,CHOCOLATE,7891,127,,,,,7893,127,,,,,7892.0,0.0
2,1200,CHOCOLATE,7892,117,,,,,7893,37,7894.0,80.0,,,7892.5,0.0
2,1300,CHOCOLATE,7891,126,,,,,7892,49,7893.0,77.0,,,7891.5,0.0
2,1400,CHOCOLATE,7889,158,,,,,7890,60,7891.0,98.0,,,7889.5,0.0
2,1500,CHOCOLATE,7890,56,7889.0,69.0,,,7891,125,,,,,7890.5,0.0
2,1600,CHOCOLATE,7892,62,7891.0,89.0,,,7893,151,,,,,7892.5,0.0
2,1700,CHOCOLATE,7892,122,,,,,7894,122,,,,,7893.0,0.0
2,1800,CHOCOLATE,7892,35,7891.0,90.0,,,7893,125,,,,,7892.5,0.0
2,1900,CHOCOLATE,7891,102,,,,,7893,102,,,,,7892.0,0.0
2,2000,CHOCOLATE,7891,5,7890.0,139.0,,,7892,139,,,,,7891.5,0.0
2,2100,CHOCOLATE,7891,62,7890.0,78.0,,,7892,140,,,,,7891.5,0.0
2,2200,CHOCOLATE,7889,133,,,,,7891,133,,,,,7890.0,0.0
2,2300,CHOCOLATE,7890,38,7889.0,82.0,,,7891,38,7892.0,82.0,,,7890.5,0.0
2,2400,CHOCOLATE,7891,106,,,,,7893,106,,,,,7892.0,0.0
2,2500,CHOCOLATE,7889,157,,,,,7891,157,,,,,7890.0,0.0
2,2600,CHOCOLATE,7887,41,7886.0,95.0,,,7888,41,7889.0,95.0,,,7887.5,0.0
2,2700,CHOCOLATE,7888,106,,,,,7889,55,7890.0,51.0,,,7888.5,0.0
2,2800,CHOCOLATE,7889,129,,,,,7890,49,7891.0,80.0,,,7889.5,0.0
2,2900,CHOCOLATE,7888,36,7887.0,81.0,,,7889,36,7890.0,81.0,,,7888.5,0.0
2,3000,CHOCOLATE,7888,91,,,,,7890,91,,,,,7889.0,0.0
2,3100,CHOCOLATE,7888,65,7887.0,50.0,,,7889,115,,,,,7888.5,0.0
2,3200,CHOCOLATE,7888,46,7887.0,84.0,,,7889,46,7890.0,84.0,,,7888.5,0.0
2,3300,CHOCOLATE,7887,123,,,,,7888,44,7889.0,79.0,,,7887.5,0.0
2,3400,CHOCOLATE,7888,52,7887.0,50.0,,,7889,102,,,,,7888.5,0.0
2,3500,CHOCOLATE,7890,53,7889.0,87.0,,,7891,140,,,,,7890.5,0.0
2,3600,CHOCOLATE,7888,154,,,,,7890,154,,,,,7889.0,0.0
2,3700,CHOCOLATE,7888,58,7887.0,75.0,,,7889,133,,,,,7888.5,0.0
2,3800,CHOCOLATE,7888,146,,,,,7889,49,7890.0,97.0,,,7888.5,0.0
2,3900,CHOCOLATE,7887,135,,,,,7889,135,,,,,7888.0,0.0
2,4000,CHOCOLATE,7887,142,,,,,7888,62,7889.0,80.0,,,7887.5,0.0
2,4100,CHOCOLATE,7888,45,7887.0,91.0,,,7889,136,,,,,7888.5,0.0
2,4200,CHOCOLATE,7886,128,,,,,7888,128,,,,,7887.0,0.0
2,4300,CHOCOLATE,7888,55,7887.0,59.0,,,7889,55,7890.0,59.0,,,7888.5,0.0
2,4400,CHOCOLATE,7887,91,,,,,7889,91,,,,,7888.0,0.0
2,4500,CHOCOLATE,7888,144,,,,,7890,144,,,,,7889.0,0.0
2,4600,CHOCOLATE,7888,115,,,,,7890,115,,,,,7889.0,0.0
2,4700,CHOCOLATE,7888,149,,,,,7890,149,,,,,7889.0,0.0
2,4800,CHOCOLATE,7888,120,,,,,7890,120,,,,,7889.0,0.0
2,4900,CHOCOLATE,7889,6,7888.0,138.0,,,7890,138,,,,,7889.5,0.0
2,5000,CHOCOLATE,7887,55,7886.0,65.0,,,7888,124,,,,,7887.5,0.0
2,5100,CHOCOLATE,7887,113,,,,,7889,113,,,,,7888.0,0.0
2,5200,CHOCOLATE,7889,123,,,,,7890,44,7891.0,79.0,,,7889.5,0.0
2,5300,CHOCOLATE,7889,40,7888.0,97.0,,,7890,40,7891.0,97.0,,,7889.5,0.0
2,5400,CHOCOLATE,7891,144,,,,,7892,55,7893.0,89.0,,,7891.5,0.0
2,5500,CHOCOLATE,7893,39,7892.0,76.0,,,7894,115,,,,,7893.5,0.0
2,5600,CHOCOLATE,7893,128,,,,,7895,128,,,,,7894.0,0.0
2,5700,CHOCOLATE,7894,54,7893.0,89.0,,,7895,143,,,,,7894.5,0.0
2,5800,CHOCOLATE,7893,114,,,,,7894,57,7895.0,57.0,,,7893.5,0.0
2,5900,CHOCOLATE,7894,39,7893.0,85.0,,,7895,124,,,,,7894.5,0.0
2,6000,CHOCOLATE,7895,53,7894.0,64.0,,,7896,117,,,,,7895.5,0.0
2,6100,CHOCOLATE,7894,44,7893.0,70.0,,,7895,114,,,,,7894.5,0.0
2,6200,CHOCOLATE,7893,144,,,,,7895,144,,,,,7894.0,0.0
2,6300,CHOCOLATE,7894,146,,,,,7896,146,,,,,7895.0,0.0
2,6400,CHOCOLATE,7896,51,7895.0,89.0,,,7897,140,,,,,7896.5,0.0
2,6500,CHOCOLATE,7894,149,,,,,7896,149,,,,,7895.0,0.0
2,6600,CHOCOLATE,7894,51,7893.0,100.0,,,7895,151,,,,,7894.5,0.0
2,6700,CHOCOLATE,7893,135,,,,,7894,54,7895.0,81.0,,,7893.5,0.0
2,6800,CHOCOLATE,7893,137,,,,,7895,137,,,,,7894.0,0.0
2,6900,CHOCOLATE,7893,45,7892.0,75.0,,,7894,120,,,,,7893.5,0.0
2,7000,CHOCOLATE,7894,133,,,,,7896,133,,,,,7895.0,0.0
2,7100,CHOCOLATE,7895,119,,,,,7896,56,7897.0,70.0,,,7895.5,0.0
2,7200,CHOCOLATE,7894,100,,,,,7896,105,,,,,7895.0,0.0
2,7300,CHOCOLATE,7895,109,,,,,7896,51,7897.0,58.0,,,7895.5,0.0
2,7400,CHOCOLATE,7895,36,7894.0,74.0,,,7896,110,,,,,7895.5,0.0
2,7500,CHOCOLATE,7894,115,,,,,7896,115,,,,,7895.0,0.0
2,7600,CHOCOLATE,7894,138,,,,,7896,138,,,,,7895.0,0.0
2,7700,CHOCOLATE,7895,65,7894.0,95.0,,,7896,160,,,,,7895.5,0.0
2,7800,CHOCOLATE,7894,130,,,,,7895,41,7896.0,89.0,,,7894.5,0.0
2,7900,CHOCOLATE,7893,150,,,,,7894,55,7895.0,95.0,,,7893.5,0.0
2,8000,CHOCOLATE,7893,136,,,,,7895,136,,,,,7894.0,0.0
2,8100,CHOCOLATE,7893,144,,,,,7895,144,,,,,7894.0,0.0
2,8200,CHOCOLATE,7894,109,,,,,7895,40,7896.0,69.0,,,7894.5,0.0
2,8300,CHOCOLATE,7894,102,,,,,7895,48,7896.0,54.0,,,7894.5,0.0
2,8400,CHOCOLATE,7894,137,,,,,7896,137,,,,,7895.0,0.0
2,8500,CHOCOLATE,7893,140,,,,,7895,140,,,,,7894.0,0.0
2,8600,CHOCOLATE,7893,37,7892.0,76.0,,,7894,37,7895.0,76.0,,,7893.5,0.0
2,8700,CHOCOLATE,7894,140,,,,,7896,140,,,,,7895.0,0.0
2,8800,CHOCOLATE,7895,40,7894.0,75.0,,,7896,40,7897.0,75.0,,,7895.5,0.0
2,8900,CHOCOLATE,7896,133,,,,,7898,133,,,,,7897.0,0.0
2,9000,CHOCOLATE,7896,125,,,,,7897,50,7898.0,75.0,,,7896.5,0.0
2,9100,CHOCOLATE,7896,99,,,,,7897,44,7898.0,60.0,,,7896.5,0.0
2,9200,CHOCOLATE,7896,38,7895.0,72.0,,,7897,110,,,,,7896.5,0.0
2,9300,CHOCOLATE,7896,53,7895.0,70.0,,,7897,53,7898.0,70.0,,,7896.5,0.0
2,9400,CHOCOLATE,7895,45,7894.0,88.0,,,7896,133,,,,,7895.5,0.0
2,9500,CHOCOLATE,7894,128,,,,,7896,128,,,,,7895.0,0.0
2,9600,CHOCOLATE,7897,44,7896.0,56.0,,,7898,44,7899.0,56.0,,,7897.5,0.0
2,9700,CHOCOLATE,7897,43,7896.0,54.0,,,7898,43,7899.0,54.0,,,7897.5,0.0
2,9800,CHOCOLATE,7895,130,,,,,7897,130,,,,,7896.0,0.0
2,9900,CHOCOLATE,7898,40,7897.0,64.0,,,7899,104,,,,,7898.5,0.0
2,10000,CHOCOLATE,7898,147,,,,,7899,55,7900.0,92.0,,,7898.5,0.0
2,10100,CHOCOLATE,7898,50,7897.0,70.0,,,7899,120,,,,,7898.5,0.0
2,10200,CHOCOLATE,7899,44,7898.0,82.0,,,7900,44,7901.0,82.0,,,7899.5,0.0
2,10300,CHOCOLATE,7899,113,,,,,7901,113,,,,,7900.0,0.0
2,10400,CHOCOLATE,7899,118,,,,,7900,40,7901.0,78.0,,,7899.5,0.0
2,10500,CHOCOLATE,7898,155,,,,,7900,155,,,,,7899.0,0.0
2,10600,CHOCOLATE,7898,56,7897.0,51.0,,,7899,107,,,,,7898.5,0.0
2,10700,CHOCOLATE,7897,47,7896.0,80.0,,,7898,47,7899.0,80.0,,,7897.5,0.0
2,10800,CHOCOLATE,7896,123,,,,,7898,123,,,,,7897.0,0.0
2,10900,CHOCOLATE,7895,150,,,,,7897,150,,,,,7896.0,0.0
2,11000,CHOCOLATE,7896,55,7895.0,77.0,,,7897,55,7898.0,77.0,,,7896.5,0.0
2,11100,CHOCOLATE,7896,124,,,,,7898,124,,,,,7897.0,0.0
2,11200,CHOCOLATE,7896,113,,,,,7898,113,,,,,7897.0,0.0
2,11300,CHOCOLATE,7896,118,,,,,7897,44,7898.0,74.0,,,7896.5,0.0
2,11400,CHOCOLATE,7896,132,,,,,7898,132,,,,,7897.0,0.0
2,11500,CHOCOLATE,7896,156,,,,,7898,156,,,,,7897.0,0.0
2,11600,CHOCOLATE,7898,37,7897.0,73.0,,,7899,37,7900.0,73.0,,,7898.5,0.0
2,11700,CHOCOLATE,7898,151,,,,,7900,151,,,,,7899.0,0.0
2,11800,CHOCOLATE,7898,38,7897.0,68.0,,,7899,38,7900.0,68.0,,,7898.5,0.0
2,11900,CHOCOLATE,7897,127,,,,,7898,36,7899.0,91.0,,,7897.5,0.0
2,12000,CHOCOLATE,7896,98,,,,,7898,98,,,,,7897.0,0.0
2,12100,CHOCOLATE,7895,46,7894.0,94.0,,,7896,46,7897.0,94.0,,,7895.5,0.0
2,12200,CHOCOLATE,7894,85,,,,,7896,85,,,,,7895.0,0.0
2,12300,CHOCOLATE,7894,146,,,,,7895,63,7896.0,83.0,,,7894.5,0.0
2,12400,CHOCOLATE,7896,45,7895.0,96.0,,,7897,141,,,,,7896.5,0.0
2,12500,CHOCOLATE,7895,152,,,,,7897,152,,,,,7896.0,0.0
2,12600,CHOCOLATE,7896,118,,,,,7898,118,,,,,7897.0,0.0
2,12700,CHOCOLATE,7895,147,,,,,7896,53,7897.0,94.0,,,7895.5,0.0
2,12800,CHOCOLATE,7895,63,7894.0,53.0,,,7896,116,,,,,7895.5,0.0
2,12900,CHOCOLATE,7894,125,,,,,7896,125,,,,,7895.0,0.0
2,13000,CHOCOLATE,7894,105,,,,,7895,52,7896.0,53.0,,,7894.5,0.0
2,13100,CHOCOLATE,7894,39,7893.0,99.0,,,7895,39,7896.0,99.0,,,7894.5,0.0
2,13200,CHOCOLATE,7896,59,7895.0,68.0,,,7897,59,7898.0,68.0,,,7896.5,0.0
2,13300,CHOCOLATE,7896,63,7895.0,61.0,,,7897,63,7898.0,61.0,,,7896.5,0.0
2,13400,CHOCOLATE,7895,128,,,,,7897,128,,,,,7896.0,0.0
2,13500,CHOCOLATE,7895,136,,,,,7897,136,,,,,7896.0,0.0
2,13600,CHOCOLATE,7895,44,7894.0,76.0,,,7896,44,7897.0,76.0,,,7895.5,0.0
2,13700,CHOCOLATE,7894,37,7893.0,88.0,,,7895,37,7896.0,88.0,,,7894.5,0.0
2,13800,CHOCOLATE,7895,151,,,,,7896,60,7897.0,91.0,,,7895.5,0.0
2,13900,CHOCOLATE,7894,134,,,,,7895,47,7896.0,87.0,,,7894.5,0.0
2,14000,CHOCOLATE,7894,150,,,,,7896,150,,,,,7895.0,0.0
2,14100,CHOCOLATE,7895,57,7894.0,86.0,,,7896,143,,,,,7895.5,0.0
2,14200,CHOCOLATE,7894,138,,,,,7896,138,,,,,7895.0,0.0
2,14300,CHOCOLATE,7896,118,,,,,7897,60,7898.0,58.0,,,7896.5,0.0
2,14400,CHOCOLATE,7894,139,,,,,7895,9,7896.0,139.0,,,7894.5,0.0
2,14500,CHOCOLATE,7895,152,,,,,7896,65,7897.0,87.0,,,7895.5,0.0
2,14600,CHOCOLATE,7894,35,7893.0,100.0,,,7895,35,7896.0,100.0,,,7894.5,0.0
2,14700,CHOCOLATE,7894,122,,,,,7896,122,,,,,7895.0,0.0
2,14800,CHOCOLATE,7896,25,7895.0,59.0,,,7897,94,,,,,7896.5,0.0
2,14900,CHOCOLATE,7894,161,,,,,7896,161,,,,,7895.0,0.0
2,15000,CHOCOLATE,7893,157,,,,,7895,157,,,,,7894.0,0.0
2,15100,CHOCOLATE,7894,127,,,,,7896,127,,,,,7895.0,0.0
2,15200,CHOCOLATE,7894,152,,,,,7896,152,,,,,7895.0,0.0
2,15300,CHOCOLATE,7896,136,,,,,7898,136,,,,,7897.0,0.0
2,15400,CHOCOLATE,7897,117,,,,,7898,48,7899.0,69.0,,,7897.5,0.0
2,15500,CHOCOLATE,7897,121,,,,,7899,121,,,,,7898.0,0.0
2,15600,CHOCOLATE,7898,37,7897.0,57.0,,,7899,37,7900.0,57.0,,,7898.5,0.0
2,15700,CHOCOLATE,7899,62,7898.0,95.0,,,7900,62,7901.0,95.0,,,7899.5,0.0
2,15800,CHOCOLATE,7897,40,7896.0,93.0,,,7898,133,,,,,7897.5,0.0
2,15900,CHOCOLATE,7896,149,,,,,7898,149,,,,,7897.0,0.0
2,16000,CHOCOLATE,7897,59,7896.0,62.0,,,7898,121,,,,,7897.5,0.0
2,16100,CHOCOLATE,7897,45,7896.0,52.0,,,7898,97,,,,,7897.5,0.0
2,16200,CHOCOLATE,7895,121,,,,,7896,36,7897.0,85.0,,,7895.5,0.0
2,16300,CHOCOLATE,7895,99,,,,,7897,99,,,,,7896.0,0.0
2,16400,CHOCOLATE,7894,63,7893.0,53.0,,,7895,63,7896.0,53.0,,,7894.5,0.0
2,16500,CHOCOLATE,7894,103,,,,,7896,103,,,,,7895.0,0.0
2,16600,CHOCOLATE,7893,119,,,,,7895,119,,,,,7894.0,0.0
2,16700,CHOCOLATE,7893,118,,,,,7894,51,7895.0,67.0,,,7893.5,0.0
2,16800,CHOCOLATE,7892,141,,,,,7894,141,,,,,7893.0,0.0
2,16900,CHOCOLATE,7891,121,,,,,7893,121,,,,,7892.0,0.0
2,17000,CHOCOLATE,7891,38,7890.0,95.0,,,7892,133,,,,,7891.5,0.0
2,17100,CHOCOLATE,7890,135,,,,,7892,135,,,,,7891.0,0.0
2,17200,CHOCOLATE,7890,93,,,,,7891,43,7892.0,50.0,,,7890.5,0.0
2,17300,CHOCOLATE,7891,52,7890.0,85.0,,,7892,52,7893.0,85.0,,,7891.5,0.0
2,17400,CHOCOLATE,7891,39,7890.0,80.0,,,7892,119,,,,,7891.5,0.0
2,17500,CHOCOLATE,7891,37,7890.0,63.0,,,7892,37,7893.0,63.0,,,7891.5,0.0
2,17600,CHOCOLATE,7889,107,,,,,7890,52,7891.0,55.0,,,7889.5,0.0
2,17700,CHOCOLATE,7891,39,7890.0,85.0,,,7892,124,,,,,7891.5,0.0
2,17800,CHOCOLATE,7891,46,7890.0,68.0,,,7892,114,,,,,7891.5,0.0
2,17900,CHOCOLATE,7890,157,,,,,7892,157,,,,,7891.0,0.0
2,18000,CHOCOLATE,7891,121,,,,,7892,43,7893.0,78.0,,,7891.5,0.0
2,18100,CHOCOLATE,7890,47,7889.0,79.0,,,7891,126,,,,,7890.5,0.0
2,18200,CHOCOLATE,7892,44,7891.0,61.0,,,7893,44,7894.0,61.0,,,7892.5,0.0
2,18300,CHOCOLATE,7893,96,,,,,7894,46,7895.0,50.0,,,7893.5,0.0
2,18400,CHOCOLATE,7892,103,,,,,7894,103,,,,,7893.0,0.0
2,18500,CHOCOLATE,7892,131,,,,,7894,131,,,,,7893.0,0.0
2,18600,CHOCOLATE,7893,151,,,,,7894,57,7895.0,94.0,,,7893.5,0.0
2,18700,CHOCOLATE,7892,129,,,,,7893,39,7894.0,90.0,,,7892.5,0.0
2,18800,CHOCOLATE,7894,98,,,,,7896,98,,,,,7895.0,0.0
2,18900,CHOCOLATE,7893,140,,,,,7895,140,,,,,7894.0,0.0
2,19000,CHOCOLATE,7894,106,,,,,7895,50,7896.0,56.0,,,7894.5,0.0
2,19100,CHOCOLATE,7894,116,,,,,7896,116,,,,,7895.0,0.0
2,19200,CHOCOLATE,7895,131,,,,,7896,48,7897.0,83.0,,,7895.5,0.0
2,19300,CHOCOLATE,7895,134,,,,,7896,41,7897.0,86.0,,,7895.5,0.0
2,19400,CHOCOLATE,7894,101,,,,,7895,36,7896.0,65.0,,,7894.5,0.0
2,19500,CHOCOLATE,7895,138,,,,,7896,57,7897.0,81.0,,,7895.5,0.0
2,19600,CHOCOLATE,7894,159,,,,,7895,61,7896.0,98.0,,,7894.5,0.0
2,19700,CHOCOLATE,7894,120,,,,,7895,64,7896.0,56.0,,,7894.5,0.0
2,19800,CHOCOLATE,7894,122,,,,,7896,122,,,,,7895.0,0.0
2,19900,CHOCOLATE,7894,103,,,,,7896,103,,,,,7895.0,0.0
2,20000,CHOCOLATE,7894,56,7893.0,86.0,,,7895,56,7896.0,86.0,,,7894.5,0.0
2,20100,CHOCOLATE,7894,151,,,,,7895,51,7896.0,100.0,,,7894.5,0.0
2,20200,CHOCOLATE,7893,123,,,,,7895,123,,,,,7894.0,0.0
2,20300,CHOCOLATE,7896,35,7895.0,96.0,,,7897,131,,,,,7896.5,0.0
2,20400,CHOCOLATE,7896,151,,,,,7898,151,,,,,7897.0,0.0
2,20500,CHOCOLATE,7893,139,,,,,7895,139,,,,,7894.0,0.0
2,20600,CHOCOLATE,7892,151,,,,,7894,151,,,,,7893.0,0.0
2,20700,CHOCOLATE,7892,109,,,,,7894,109,,,,,7893.0,0.0
2,20800,CHOCOLATE,7892,142,,,,,7894,142,,,,,7893.0,0.0
2,20900,CHOCOLATE,7893,58,7892.0,80.0,,,7894,138,,,,,7893.5,0.0
2,21000,CHOCOLATE,7892,57,7891.0,88.0,,,7893,57,7894.0,88.0,,,7892.5,0.0
2,21100,CHOCOLATE,7891,51,7890.0,91.0,,,7892,51,7893.0,91.0,,,7891.5,0.0
2,21200,CHOCOLATE,7890,51,7889.0,100.0,,,7891,51,7892.0,100.0,,,7890.5,0.0
2,21300,CHOCOLATE,7889,37,7888.0,73.0,,,7890,110,,,,,7889.5,0.0
2,21400,CHOCOLATE,7888,106,,,,,7889,35,7890.0,71.0,,,7888.5,0.0
2,21500,CHOCOLATE,7888,53,7887.0,59.0,,,7889,53,7890.0,59.0,,,7888.5,0.0
2,21600,CHOCOLATE,7886,127,,,,,7887,55,7888.0,72.0,,,7886.5,0.0
2,21700,CHOCOLATE,7888,62,7887.0,98.0,,,7889,160,,,,,7888.5,0.0
2,21800,CHOCOLATE,7887,130,,,,,7889,130,,,,,7888.0,0.0
2,21900,CHOCOLATE,7885,152,,,,,7887,152,,,,,7886.0,0.0
2,22000,CHOCOLATE,7886,52,7885.0,85.0,,,7887,137,,,,,7886.5,0.0
2,22100,CHOCOLATE,7886,105,,,,,7888,105,,,,,7887.0,0.0
2,22200,CHOCOLATE,7885,128,,,,,7887,128,,,,,7886.0,0.0
2,22300,CHOCOLATE,7887,154,,,,,7889,154,,,,,7888.0,0.0
2,22400,CHOCOLATE,7888,60,7887.0,93.0,,,7889,153,,,,,7888.5,0.0
2,22500,CHOCOLATE,7887,153,,,,,7888,62,7889.0,91.0,,,7887.5,0.0
2,22600,CHOCOLATE,7885,51,7884.0,80.0,,,7886,51,7887.0,80.0,,,7885.5,0.0
2,22700,CHOCOLATE,7883,105,,,,,7885,105,,,,,7884.0,0.0
2,22800,CHOCOLATE,7884,64,7883.0,85.0,,,7885,64,7886.0,85.0,,,7884.5,0.0
2,22900,CHOCOLATE,7882,39,7881.0,68.0,,,7883,39,7884.0,68.0,,,7882.5,0.0
2,23000,CHOCOLATE,7882,113,,,,,7883,42,7884.0,71.0,,,7882.5,0.0
2,23100,CHOCOLATE,7884,57,7883.0,78.0,,,7885,135,,,,,7884.5,0.0
2,23200,CHOCOLATE,7882,143,,,,,7884,143,,,,,7883.0,0.0
2,23300,CHOCOLATE,7883,49,7882.0,51.0,,,7884,49,7885.0,51.0,,,7883.5,0.0
2,23400,CHOCOLATE,7884,42,7883.0,67.0,,,7885,42,7886.0,67.0,,,7884.5,0.0
2,23500,CHOCOLATE,7885,157,,,,,7887,157,,,,,7886.0,0.0
2,23600,CHOCOLATE,7885,139,,,,,7887,139,,,,,7886.0,0.0
2,23700,CHOCOLATE,7885,134,,,,,7887,134,,,,,7886.0,0.0
2,23800,CHOCOLATE,7885,46,7884.0,90.0,,,7886,46,7887.0,90.0,,,7885.5,0.0
2,23900,CHOCOLATE,7885,43,7884.0,81.0,,,7886,124,,,,,7885.5,0.0
2,24000,CHOCOLATE,7885,95,,,,,7887,95,,,,,7886.0,0.0
2,24100,CHOCOLATE,7885,60,7884.0,53.0,,,7886,60,7887.0,53.0,,,7885.5,0.0
2,24200,CHOCOLATE,7886,142,,,,,7887,55,7888.0,87.0,,,7886.5,0.0
2,24300,CHOCOLATE,7885,133,,,,,7887,133,,,,,7886.0,0.0
2,24400,CHOCOLATE,7885,103,,,,,7886,9,7887.0,103.0,,,7885.5,0.0
2,24500,CHOCOLATE,7885,62,7884.0,50.0,,,7886,62,7887.0,50.0,,,7885.5,0.0
2,24600,CHOCOLATE,7885,135,,,,,7887,135,,,,,7886.0,0.0
2,24700,CHOCOLATE,7884,111,,,,,7886,111,,,,,7885.0,0.0
2,24800,CHOCOLATE,7884,61,7883.0,79.0,,,7885,140,,,,,7884.5,0.0
2,24900,CHOCOLATE,7883,123,,,,,7885,123,,,,,7884.0,0.0
2,25000,CHOCOLATE,7883,63,7882.0,60.0,,,7884,63,7885.0,60.0,,,7883.5,0.0
2,25100,CHOCOLATE,7883,45,7882.0,68.0,,,7884,37,7885.0,68.0,,,7883.5,0.0
2,25200,CHOCOLATE,7884,56,7883.0,58.0,,,7885,56,7886.0,58.0,,,7884.5,0.0
2,25300,CHOCOLATE,7884,57,7883.0,59.0,,,7885,116,,,,,7884.5,0.0
2,25400,CHOCOLATE,7884,65,7883.0,61.0,,,7885,126,,,,,7884.5,0.0
2,25500,CHOCOLATE,7885,47,7884.0,89.0,,,7886,136,,,,,7885.5,0.0
2,25600,CHOCOLATE,7882,156,,,,,7884,156,,,,,7883.0,0.0
2,25700,CHOCOLATE,7884,104,,,,,7885,49,7886.0,55.0,,,7884.5,0.0
2,25800,CHOCOLATE,7885,118,,,,,7887,118,,,,,7886.0,0.0
2,25900,CHOCOLATE,7885,50,7884.0,63.0,,,7886,113,,,,,7885.5,0.0
2,26000,CHOCOLATE,7886,107,,,,,7888,107,,,,,7887.0,0.0
2,26100,CHOCOLATE,7886,136,,,,,7888,136,,,,,7887.0,0.0
2,26200,CHOCOLATE,7886,96,,,,,7887,39,7888.0,57.0,,,7886.5,0.0
2,26300,CHOCOLATE,7886,38,7885.0,76.0,,,7887,114,,,,,7886.5,0.0
2,26400,CHOCOLATE,7885,105,,,,,7886,43,7887.0,62.0,,,7885.5,0.0
2,26500,CHOCOLATE,7885,121,,,,,7887,121,,,,,7886.0,0.0
2,26600,CHOCOLATE,7885,106,,,,,7887,106,,,,,7886.0,0.0
2,26700,CHOCOLATE,7883,96,,,,,7885,96,,,,,7884.0,0.0
2,26800,CHOCOLATE,7883,41,7882.0,68.0,,,7884,117,,,,,7883.5,0.0
2,26900,CHOCOLATE,7883,89,,,,,7885,89,,,,,7884.0,0.0
2,27000,CHOCOLATE,7885,42,7884.0,63.0,,,7886,105,,,,,7885.5,0.0
2,27100,CHOCOLATE,7885,131,,,,,7887,131,,,,,7886.0,0.0
2,27200,CHOCOLATE,7887,105,,,,,7889,105,,,,,7888.0,0.0
2,27300,CHOCOLATE,7887,59,7886.0,85.0,,,7888,59,7889.0,85.0,,,7887.5,0.0
2,27400,CHOCOLATE,7887,125,,,,,7889,125,,,,,7888.0,0.0
2,27500,CHOCOLATE,7887,55,7886.0,88.0,,,7888,143,,,,,7887.5,0.0
2,27600,CHOCOLATE,7886,55,7885.0,89.0,,,7887,55,7888.0,89.0,,,7886.5,0.0
2,27700,CHOCOLATE,7886,47,7885.0,63.0,,,7887,110,,,,,7886.5,0.0
2,27800,CHOCOLATE,7885,38,7884.0,86.0,,,7886,38,7887.0,86.0,,,7885.5,0.0
2,27900,CHOCOLATE,7884,45,7883.0,98.0,,,7885,45,7886.0,98.0,,,7884.5,0.0
2,28000,CHOCOLATE,7886,60,7885.0,88.0,,,7887,56,7888.0,88.0,,,7886.5,0.0
2,28100,CHOCOLATE,7885,94,,,,,7887,94,,,,,7886.0,0.0
2,28200,CHOCOLATE,7886,119,,,,,7887,43,7888.0,76.0,,,7886.5,0.0
2,28300,CHOCOLATE,7885,44,7884.0,74.0,,,7886,44,7887.0,74.0,,,7885.5,0.0
2,28400,CHOCOLATE,7887,100,,,,,7889,100,,,,,7888.0,0.0
2,28500,CHOCOLATE,7886,92,,,,,7887,37,7888.0,55.0,,,7886.5,0.0
2,28600,CHOCOLATE,7886,59,7885.0,62.0,,,7887,59,7888.0,62.0,,,7886.5,0.0
2,28700,CHOCOLATE,7885,60,7884.0,97.0,,,7886,60,7887.0,97.0,,,7885.5,0.0
2,28800,CHOCOLATE,7885,142,,,,,7886,59,7887.0,83.0,,,7885.5,0.0
2,28900,CHOCOLATE,7884,137,,,,,7886,137,,,,,7885.0,0.0
2,29000,CHOCOLATE,7884,96,,,,,7886,96,,,,,7885.0,0.0
2,29100,CHOCOLATE,7884,61,7883.0,60.0,,,7885,121,,,,,7884.5,0.0
2,29200,CHOCOLATE,7883,116,,,,,7884,35,7885.0,81.0,,,7883.5,0.0
2,29300,CHOCOLATE,7883,51,7882.0,82.0,,,7884,41,7885.0,82.0,,,7883.5,0.0
2,29400,CHOCOLATE,7885,47,7884.0,56.0,,,7886,103,,,,,7885.5,0.0
2,29500,CHOCOLATE,7885,42,7884.0,50.0,,,7886,92,,,,,7885.5,0.0
2,29600,CHOCOLATE,7886,36,7885.0,58.0,,,7887,94,,,,,7886.5,0.0
2,29700,CHOCOLATE,7886,151,,,,,7888,151,,,,,7887.0,0.0
2,29800,CHOCOLATE,7887,48,7886.0,80.0,,,7888,128,,,,,7887.5,0.0
2,29900,CHOCOLATE,7886,110,,,,,7887,57,7888.0,53.0,,,7886.5,0.0
2,30000,CHOCOLATE,7886,107,,,,,7888,107,,,,,7887.0,0.0
2,30100,CHOCOLATE,7888,155,,,,,7889,64,7890.0,91.0,,,7888.5,0.0
2,30200,CHOCOLATE,7890,43,7889.0,87.0,,,7891,130,,,,,7890.5,0.0
2,30300,CHOCOLATE,7889,47,7888.0,93.0,,,7890,140,,,,,7889.5,0.0
2,30400,CHOCOLATE,7891,148,,,,,7892,51,7893.0,97.0,,,7891.5,0.0
2,30500,CHOCOLATE,7891,55,7890.0,78.0,,,7892,133,,,,,7891.5,0.0
2,30600,CHOCOLATE,7890,140,,,,,7892,140,,,,,7891.0,0.0
2,30700,CHOCOLATE,7890,57,7889.0,90.0,,,7891,147,,,,,7890.5,0.0
2,30800,CHOCOLATE,7890,129,,,,,7891,41,7892.0,88.0,,,7890.5,0.0
2,30900,CHOCOLATE,7889,126,,,,,7891,126,,,,,7890.0,0.0
2,31000,CHOCOLATE,7888,136,,,,,7890,136,,,,,7889.0,0.0
2,31100,CHOCOLATE,7890,58,7889.0,100.0,,,7891,58,7892.0,100.0,,,7890.5,0.0
2,31200,CHOCOLATE,7890,115,,,,,7892,115,,,,,7891.0,0.0
2,31300,CHOCOLATE,7890,116,,,,,7891,59,7892.0,57.0,,,7890.5,0.0
2,31400,CHOCOLATE,7890,110,,,,,7892,110,,,,,7891.0,0.0
2,31500,CHOCOLATE,7890,103,,,,,7892,103,,,,,7891.0,0.0
2,31600,CHOCOLATE,7889,48,7888.0,71.0,,,7890,48,7891.0,71.0,,,7889.5,0.0
2,31700,CHOCOLATE,7890,130,,,,,7892,130,,,,,7891.0,0.0
2,31800,CHOCOLATE,7889,151,,,,,7891,151,,,,,7890.0,0.0
2,31900,CHOCOLATE,7888,40,7887.0,80.0,,,7889,40,7890.0,80.0,,,7888.5,0.0
2,32000,CHOCOLATE,7888,122,,,,,7889,43,7890.0,79.0,,,7888.5,0.0
2,32100,CHOCOLATE,7891,149,,,,,7893,149,,,,,7892.0,0.0
2,32200,CHOCOLATE,7892,118,,,,,7893,44,7894.0,74.0,,,7892.5,0.0
2,32300,CHOCOLATE,7892,142,,,,,7893,54,7894.0,88.0,,,7892.5,0.0
2,32400,CHOCOLATE,7892,43,7891.0,73.0,,,7893,43,7894.0,73.0,,,7892.5,0.0
2,32500,CHOCOLATE,7892,144,,,,,7893,49,7894.0,95.0,,,7892.5,0.0
2,32600,CHOCOLATE,7892,52,7891.0,65.0,,,7893,61,7894.0,65.0,,,7892.5,0.0
2,32700,CHOCOLATE,7892,55,7891.0,89.0,,,7893,55,7894.0,89.0,,,7892.5,0.0
2,32800,CHOCOLATE,7893,124,,,,,7895,124,,,,,7894.0,0.0
2,32900,CHOCOLATE,7895,49,7894.0,82.0,,,7896,131,,,,,7895.5,0.0
2,33000,CHOCOLATE,7894,56,7893.0,53.0,,,7895,56,7896.0,53.0,,,7894.5,0.0
2,33100,CHOCOLATE,7894,44,7893.0,95.0,,,7895,44,7896.0,95.0,,,7894.5,0.0
2,33200,CHOCOLATE,7894,38,7893.0,99.0,,,7895,146,,,,,7894.5,0.0
2,33300,CHOCOLATE,7893,50,7892.0,74.0,,,7894,124,,,,,7893.5,0.0
2,33400,CHOCOLATE,7891,161,,,,,7893,161,,,,,7892.0,0.0
2,33500,CHOCOLATE,7892,95,,,,,7894,95,,,,,7893.0,0.0
2,33600,CHOCOLATE,7891,132,,,,,7893,132,,,,,7892.0,0.0
2,33700,CHOCOLATE,7892,111,,,,,7893,50,7894.0,56.0,,,7892.5,0.0
2,33800,CHOCOLATE,7892,117,,,,,7894,117,,,,,7893.0,0.0
2,33900,CHOCOLATE,7892,40,7891.0,55.0,,,7893,95,,,,,7892.5,0.0
2,34000,CHOCOLATE,7891,127,,,,,7893,127,,,,,7892.0,0.0
2,34100,CHOCOLATE,7891,128,,,,,7892,48,7893.0,80.0,,,7891.5,0.0
2,34200,CHOCOLATE,7891,50,7890.0,64.0,,,7892,50,7893.0,64.0,,,7891.5,0.0
2,34300,CHOCOLATE,7890,106,,,,,7892,106,,,,,7891.0,0.0
2,34400,CHOCOLATE,7891,154,,,,,7893,154,,,,,7892.0,0.0
2,34500,CHOCOLATE,7893,132,,,,,7895,132,,,,,7894.0,0.0
2,34600,CHOCOLATE,7892,127,,,,,7893,55,7894.0,72.0,,,7892.5,0.0
2,34700,CHOCOLATE,7890,151,,,,,7892,151,,,,,7891.0,0.0
2,34800,CHOCOLATE,7890,48,7889.0,94.0,,,7891,142,,,,,7890.5,0.0
2,34900,CHOCOLATE,7888,143,,,,,7889,43,7890.0,100.0,,,7888.5,0.0
2,35000,CHOCOLATE,7887,62,7886.0,75.0,,,7888,62,7889.0,75.0,,,7887.5,0.0
2,35100,CHOCOLATE,7886,104,,,,,7888,104,,,,,7887.0,0.0
2,35200,CHOCOLATE,7886,40,7885.0,86.0,,,7887,126,,,,,7886.5,0.0
2,35300,CHOCOLATE,7887,122,,,,,7889,122,,,,,7888.0,0.0
2,35400,CHOCOLATE,7888,53,7887.0,77.0,,,7889,53,7890.0,77.0,,,7888.5,0.0
2,35500,CHOCOLATE,7888,112,,,,,7890,112,,,,,7889.0,0.0
2,35600,CHOCOLATE,7887,36,7886.0,88.0,,,7888,36,7889.0,88.0,,,7887.5,0.0
2,35700,CHOCOLATE,7887,135,,,,,7889,135,,,,,7888.0,0.0
2,35800,CHOCOLATE,7888,47,7887.0,81.0,,,7889,128,,,,,7888.5,0.0
2,35900,CHOCOLATE,7889,50,7888.0,64.0,,,7890,50,7891.0,64.0,,,7889.5,0.0
2,36000,CHOCOLATE,7889,52,7888.0,76.0,,,7890,128,,,,,7889.5,0.0
2,36100,CHOCOLATE,7889,126,,,,,7891,126,,,,,7890.0,0.0
2,36200,CHOCOLATE,7891,52,7890.0,79.0,,,7892,52,7893.0,79.0,,,7891.5,0.0
2,36300,CHOCOLATE,7891,51,7890.0,56.0,,,7892,107,,,,,7891.5,0.0
2,36400,CHOCOLATE,7891,108,,,,,7893,108,,,,,7892.0,0.0
2,36500,CHOCOLATE,7890,55,7889.0,97.0,,,7891,146,,,,,7890.5,0.0
2,36600,CHOCOLATE,7890,55,7889.0,81.0,,,7891,136,,,,,7890.5,0.0
2,36700,CHOCOLATE,7889,136,,,,,7891,136,,,,,7890.0,0.0
2,36800,CHOCOLATE,7889,144,,,,,7890,49,7891.0,95.0,,,7889.5,0.0
2,36900,CHOCOLATE,7890,110,,,,,7891,57,7892.0,53.0,,,7890.5,0.0
2,37000,CHOCOLATE,7888,143,,,,,7889,54,7890.0,89.0,,,7888.5,0.0
2,37100,CHOCOLATE,7888,128,,,,,7890,128,,,,,7889.0,0.0
2,37200,CHOCOLATE,7889,52,7888.0,70.0,,,7890,122,,,,,7889.5,0.0
2,37300,CHOCOLATE,7889,124,,,,,7890,43,7891.0,81.0,,,7889.5,0.0
2,37400,CHOCOLATE,7890,127,,,,,7891,7,7892.0,127.0,,,7890.5,0.0
2,37500,CHOCOLATE,7888,120,,,,,7890,120,,,,,7889.0,0.0
2,37600,CHOCOLATE,7888,121,,,,,7890,121,,,,,7889.0,0.0
2,37700,CHOCOLATE,7887,100,,,,,7889,100,,,,,7888.0,0.0
2,37800,CHOCOLATE,7888,53,7887.0,57.0,,,7889,110,,,,,7888.5,0.0
2,37900,CHOCOLATE,7887,62,7886.0,86.0,,,7888,62,7889.0,86.0,,,7887.5,0.0
2,38000,CHOCOLATE,7888,114,,,,,7890,114,,,,,7889.0,0.0
2,38100,CHOCOLATE,7888,54,7887.0,51.0,,,7889,54,7890.0,51.0,,,7888.5,0.0
2,38200,CHOCOLATE,7887,56,7886.0,61.0,,,7888,117,,,,,7887.5,0.0
2,38300,CHOCOLATE,7887,95,,,,,7889,95,,,,,7888.0,0.0
2,38400,CHOCOLATE,7887,117,,,,,7889,117,,,,,7888.0,0.0
2,38500,CHOCOLATE,7887,128,,,,,7889,128,,,,,7888.0,0.0
2,38600,CHOCOLATE,7887,44,7886.0,58.0,,,7888,44,7889.0,58.0,,,7887.5,0.0
2,38700,CHOCOLATE,7887,87,,,,,7888,36,7889.0,51.0,,,7887.5,0.0
2,38800,CHOCOLATE,7887,55,7886.0,64.0,,,7888,119,,,,,7887.5,0.0
2,38900,CHOCOLATE,7889,95,,,,,7890,39,7891.0,56.0,,,7889.5,0.0
2,39000,CHOCOLATE,7888,128,,,,,7889,50,7890.0,78.0,,,7888.5,0.0
2,39100,CHOCOLATE,7889,130,,,,,7891,130,,,,,7890.0,0.0
2,39200,CHOCOLATE,7889,134,,,,,7890,36,7891.0,98.0,,,7889.5,0.0
2,39300,CHOCOLATE,7890,43,7889.0,87.0,,,7891,130,,,,,7890.5,0.0
2,39400,CHOCOLATE,7889,50,7888.0,52.0,,,7890,50,7891.0,52.0,,,7889.5,0.0
2,39500,CHOCOLATE,7887,135,,,,,7889,135,,,,,7888.0,0.0
2,39600,CHOCOLATE,7887,44,7886.0,96.0,,,7888,44,7889.0,96.0,,,7887.5,0.0
2,39700,CHOCOLATE,7889,115,,,,,7890,45,7891.0,70.0,,,7889.5,0.0
2,39800,CHOCOLATE,7889,47,7888.0,56.0,,,7890,103,,,,,7889.5,0.0
2,39900,CHOCOLATE,7890,48,7889.0,88.0,,,7891,136,,,,,7890.5,0.0
2,40000,CHOCOLATE,7890,133,,,,,7891,51,7892.0,82.0,,,7890.5,0.0
2,40100,CHOCOLATE,7890,4,7889.0,132.0,,,7891,132,,,,,7890.5,0.0
2,40200,CHOCOLATE,7889,150,,,,,7891,150,,,,,7890.0,0.0
2,40300,CHOCOLATE,7888,105,,,,,7889,45,7890.0,60.0,,,7888.5,0.0
2,40400,CHOCOLATE,7888,64,7887.0,99.0,,,7889,163,,,,,7888.5,0.0
2,40500,CHOCOLATE,7887,152,,,,,7888,59,7889.0,93.0,,,7887.5,0.0
2,40600,CHOCOLATE,7886,48,7885.0,59.0,,,7887,48,7888.0,59.0,,,7886.5,0.0
2,40700,CHOCOLATE,7887,64,7886.0,68.0,,,7888,64,7889.0,68.0,,,7887.5,0.0
2,40800,CHOCOLATE,7888,61,7887.0,98.0,,,7889,61,7890.0,98.0,,,7888.5,0.0
2,40900,CHOCOLATE,7890,53,7889.0,67.0,,,7891,120,,,,,7890.5,0.0
2,41000,CHOCOLATE,7888,136,,,,,7890,136,,,,,7889.0,0.0
2,41100,CHOCOLATE,7890,62,7889.0,76.0,,,7891,138,,,,,7890.5,0.0
2,41200,CHOCOLATE,7892,68,7891.0,98.0,,,7893,160,,,,,7892.5,0.0
2,41300,CHOCOLATE,7891,99,,,,,7892,48,7893.0,51.0,,,7891.5,0.0
2,41400,CHOCOLATE,7890,135,,,,,7891,53,7892.0,82.0,,,7890.5,0.0
2,41500,CHOCOLATE,7890,122,,,,,7891,45,7892.0,77.0,,,7890.5,0.0
2,41600,CHOCOLATE,7890,141,,,,,7892,141,,,,,7891.0,0.0
2,41700,CHOCOLATE,7890,62,7889.0,63.0,,,7891,125,,,,,7890.5,0.0
2,41800,CHOCOLATE,7890,56,7889.0,91.0,,,7891,56,7892.0,91.0,,,7890.5,0.0
2,41900,CHOCOLATE,7891,142,,,,,7893,142,,,,,7892.0,0.0
2,42000,CHOCOLATE,7891,97,,,,,7892,40,7893.0,57.0,,,7891.5,0.0
2,42100,CHOCOLATE,7891,44,7890.0,95.0,,,7892,139,,,,,7891.5,0.0
2,42200,CHOCOLATE,7891,37,7890.0,93.0,,,7892,37,7893.0,93.0,,,7891.5,0.0
2,42300,CHOCOLATE,7891,58,7890.0,58.0,,,7892,58,7893.0,58.0,,,7891.5,0.0
2,42400,CHOCOLATE,7892,36,7891.0,98.0,,,7893,134,,,,,7892.5,0.0
2,42500,CHOCOLATE,7891,111,,,,,7893,111,,,,,7892.0,0.0
2,42600,CHOCOLATE,7892,48,7891.0,96.0,,,7893,144,,,,,7892.5,0.0
2,42700,CHOCOLATE,7892,42,7891.0,55.0,,,7893,42,7894.0,55.0,,,7892.5,0.0
2,42800,CHOCOLATE,7892,47,7891.0,65.0,,,7893,112,,,,,7892.5,0.0
2,42900,CHOCOLATE,7892,123,,,,,7893,40,7894.0,83.0,,,7892.5,0.0
2,43000,CHOCOLATE,7892,43,7891.0,55.0,,,7893,98,,,,,7892.5,0.0
2,43100,CHOCOLATE,7890,120,,,,,7891,56,7892.0,64.0,,,7890.5,0.0
2,43200,CHOCOLATE,7890,131,,,,,7891,58,7892.0,73.0,,,7890.5,0.0
2,43300,CHOCOLATE,7890,59,7889.0,84.0,,,7891,59,7892.0,84.0,,,7890.5,0.0
2,43400,CHOCOLATE,7889,100,,,,,7891,108,,,,,7890.0,0.0
2,43500,CHOCOLATE,7891,107,,,,,7893,107,,,,,7892.0,0.0
2,43600,CHOCOLATE,7891,134,,,,,7893,134,,,,,7892.0,0.0
2,43700,CHOCOLATE,7889,123,,,,,7891,123,,,,,7890.0,0.0
2,43800,CHOCOLATE,7890,125,,,,,7892,125,,,,,7891.0,0.0
2,43900,CHOCOLATE,7889,136,,,,,7891,136,,,,,7890.0,0.0
2,44000,CHOCOLATE,7889,59,7888.0,52.0,,,7890,111,,,,,7889.5,0.0
2,44100,CHOCOLATE,7889,36,7888.0,83.0,,,7890,119,,,,,7889.5,0.0
2,44200,CHOCOLATE,7889,42,7888.0,63.0,,,7890,42,7891.0,63.0,,,7889.5,0.0
2,44300,CHOCOLATE,7888,117,,,,,7890,117,,,,,7889.0,0.0
2,44400,CHOCOLATE,7889,151,,,,,7891,151,,,,,7890.0,0.0
2,44500,CHOCOLATE,7888,129,,,,,7890,129,,,,,7889.0,0.0
2,44600,CHOCOLATE,7888,36,7887.0,97.0,,,7889,133,,,,,7888.5,0.0
2,44700,CHOCOLATE,7889,65,7888.0,53.0,,,7890,118,,,,,7889.5,0.0
2,44800,CHOCOLATE,7888,35,7887.0,81.0,,,7889,35,7890.0,81.0,,,7888.5,0.0
2,44900,CHOCOLATE,7889,152,,,,,7891,152,,,,,7890.0,0.0
2,45000,CHOCOLATE,7889,142,,,,,7891,142,,,,,7890.0,0.0
2,45100,CHOCOLATE,7888,49,7887.0,73.0,,,7889,49,7890.0,73.0,,,7888.5,0.0
2,45200,CHOCOLATE,7890,57,7889.0,88.0,,,7891,145,,,,,7890.5,0.0
2,45300,CHOCOLATE,7891,158,,,,,7893,158,,,,,7892.0,0.0
2,45400,CHOCOLATE,7891,52,7890.0,91.0,,,7892,52,7893.0,91.0,,,7891.5,0.0
2,45500,CHOCOLATE,7892,151,,,,,7893,64,7894.0,87.0,,,7892.5,0.0
2,45600,CHOCOLATE,7893,56,7892.0,65.0,,,7894,56,7895.0,65.0,,,7893.5,0.0
2,45700,CHOCOLATE,7892,123,,,,,7894,123,,,,,7893.0,0.0
2,45800,CHOCOLATE,7892,138,,,,,7893,46,7894.0,92.0,,,7892.5,0.0
2,45900,CHOCOLATE,7892,131,,,,,7893,54,7894.0,77.0,,,7892.5,0.0
2,46000,CHOCOLATE,7891,143,,,,,7893,143,,,,,7892.0,0.0
2,46100,CHOCOLATE,7892,134,,,,,7894,134,,,,,7893.0,0.0
2,46200,CHOCOLATE,7893,143,,,,,7895,143,,,,,7894.0,0.0
2,46300,CHOCOLATE,7893,121,,,,,7895,121,,,,,7894.0,0.0
2,46400,CHOCOLATE,7892,109,,,,,7894,109,,,,,7893.0,0.0
2,46500,CHOCOLATE,7892,118,,,,,7893,41,7894.0,77.0,,,7892.5,0.0
2,46600,CHOCOLATE,7893,100,,,,,7894,40,7895.0,60.0,,,7893.5,0.0
2,46700,CHOCOLATE,7893,131,,,,,7895,131,,,,,7894.0,0.0
2,46800,CHOCOLATE,7893,48,7892.0,53.0,,,7894,101,,,,,7893.5,0.0
2,46900,CHOCOLATE,7893,139,,,,,7894,51,7895.0,88.0,,,7893.5,0.0
2,47000,CHOCOLATE,7891,132,,,,,7892,45,7893.0,87.0,,,7891.5,0.0
2,47100,CHOCOLATE,7891,101,,,,,7892,39,7893.0,62.0,,,7891.5,0.0
2,47200,CHOCOLATE,7891,125,,,,,7892,41,7893.0,84.0,,,7891.5,0.0
2,47300,CHOCOLATE,7890,159,,,,,7892,159,,,,,7891.0,0.0
2,47400,CHOCOLATE,7889,148,,,,,7891,148,,,,,7890.0,0.0
2,47500,CHOCOLATE,7889,102,,,,,7890,35,7891.0,67.0,,,7889.5,0.0
2,47600,CHOCOLATE,7891,126,,,,,7893,126,,,,,7892.0,0.0
2,47700,CHOCOLATE,7893,52,7892.0,71.0,,,7894,52,7895.0,71.0,,,7893.5,0.0
2,47800,CHOCOLATE,7894,65,7893.0,85.0,,,7895,65,7896.0,85.0,,,7894.5,0.0
2,47900,CHOCOLATE,7894,59,7893.0,66.0,,,7895,125,,,,,7894.5,0.0
2,48000,CHOCOLATE,7895,53,7894.0,67.0,,,7896,53,7897.0,67.0,,,7895.5,0.0
2,48100,CHOCOLATE,7896,46,7895.0,50.0,,,7897,96,,,,,7896.5,0.0
2,48200,CHOCOLATE,7897,115,,,,,7898,47,7899.0,68.0,,,7897.5,0.0
2,48300,CHOCOLATE,7896,138,,,,,7897,47,7898.0,91.0,,,7896.5,0.0
2,48400,CHOCOLATE,7898,56,7897.0,66.0,,,7899,56,7900.0,66.0,,,7898.5,0.0
2,48500,CHOCOLATE,7897,109,,,,,7898,36,7899.0,73.0,,,7897.5,0.0
2,48600,CHOCOLATE,7899,50,7898.0,93.0,,,7900,143,,,,,7899.5,0.0
2,48700,CHOCOLATE,7899,38,7898.0,56.0,,,7900,38,7901.0,56.0,,,7899.5,0.0
2,48800,CHOCOLATE,7897,120,,,,,7899,120,,,,,7898.0,0.0
2,48900,CHOCOLATE,7898,48,7897.0,99.0,,,7899,147,,,,,7898.5,0.0
2,49000,CHOCOLATE,7897,61,7896.0,68.0,,,7898,129,,,,,7897.5,0.0
2,49100,CHOCOLATE,7896,63,7895.0,70.0,,,7897,63,7898.0,70.0,,,7896.5,0.0
2,49200,CHOCOLATE,7896,135,,,,,7898,135,,,,,7897.0,0.0
2,49300,CHOCOLATE,7897,46,7896.0,91.0,,,7898,137,,,,,7897.5,0.0
2,49400,CHOCOLATE,7897,119,,,,,7899,119,,,,,7898.0,0.0
2,49500,CHOCOLATE,7897,142,,,,,7899,142,,,,,7898.0,0.0
2,49600,CHOCOLATE,7897,109,,,,,7899,115,,,,,7898.0,0.0
2,49700,CHOCOLATE,7897,49,7896.0,83.0,,,7898,49,7899.0,83.0,,,7897.5,0.0
2,49800,CHOCOLATE,7896,136,,,,,7898,136,,,,,7897.0,0.0
2,49900,CHOCOLATE,7898,45,7897.0,67.0,,,7899,112,,,,,7898.5,0.0
2,50000,CHOCOLATE,7898,104,,,,,7900,104,,,,,7899.0,0.0
2,50100,CHOCOLATE,7900,55,7899.0,99.0,,,7901,154,,,,,7900.5,0.0
2,50200,CHOCOLATE,7900,92,,,,,7901,40,7902.0,52.0,,,7900.5,0.0
2,50300,CHOCOLATE,7900,50,7899.0,100.0,,,7901,150,,,,,7900.5,0.0
2,50400,CHOCOLATE,7899,117,,,,,7901,117,,,,,7900.0,0.0
2,50500,CHOCOLATE,7899,122,,,,,7901,128,,,,,7900.0,0.0
2,50600,CHOCOLATE,7899,46,7898.0,53.0,,,7900,46,7901.0,53.0,,,7899.5,0.0
2,50700,CHOCOLATE,7897,101,,,,,7899,101,,,,,7898.0,0.0
2,50800,CHOCOLATE,7898,135,,,,,7899,37,7900.0,98.0,,,7898.5,0.0
2,50900,CHOCOLATE,7898,49,7897.0,61.0,,,7899,110,,,,,7898.5,0.0
2,51000,CHOCOLATE,7898,56,7897.0,58.0,,,7899,56,7900.0,58.0,,,7898.5,0.0
2,51100,CHOCOLATE,7898,43,7897.0,57.0,,,7899,43,7900.0,57.0,,,7898.5,0.0
2,51200,CHOCOLATE,7897,64,7896.0,57.0,,,7898,64,7899.0,57.0,,,7897.5,0.0
2,51300,CHOCOLATE,7897,41,7896.0,72.0,,,7898,113,,,,,7897.5,0.0
2,51400,CHOCOLATE,7897,132,,,,,7898,61,7899.0,71.0,,,7897.5,0.0
2,51500,CHOCOLATE,7897,35,7896.0,82.0,,,7898,35,7899.0,82.0,,,7897.5,0.0
2,51600,CHOCOLATE,7896,100,,,,,7897,36,7898.0,64.0,,,7896.5,0.0
2,51700,CHOCOLATE,7896,122,,,,,7898,122,,,,,7897.0,0.0
2,51800,CHOCOLATE,7896,137,,,,,7898,137,,,,,7897.0,0.0
2,51900,CHOCOLATE,7896,46,7895.0,75.0,,,7897,46,7898.0,75.0,,,7896.5,0.0
2,52000,CHOCOLATE,7897,55,7896.0,58.0,,,7898,113,,,,,7897.5,0.0
2,52100,CHOCOLATE,7895,128,,,,,7897,128,,,,,7896.0,0.0
2,52200,CHOCOLATE,7893,128,,,,,7894,56,7895.0,72.0,,,7893.5,0.0
2,52300,CHOCOLATE,7894,51,7893.0,52.0,,,7895,103,,,,,7894.5,0.0
2,52400,CHOCOLATE,7894,59,7893.0,83.0,,,7895,59,7896.0,83.0,,,7894.5,0.0
2,52500,CHOCOLATE,7894,45,7893.0,61.0,,,7895,45,7896.0,61.0,,,7894.5,0.0
2,52600,CHOCOLATE,7894,62,7893.0,90.0,,,7895,62,7896.0,90.0,,,7894.5,0.0
2,52700,CHOCOLATE,7893,35,7892.0,76.0,,,7894,111,,,,,7893.5,0.0
2,52800,CHOCOLATE,7891,139,,,,,7893,139,,,,,7892.0,0.0
2,52900,CHOCOLATE,7891,100,,,,,7893,100,,,,,7892.0,0.0
2,53000,CHOCOLATE,7891,145,,,,,7893,145,,,,,7892.0,0.0
2,53100,CHOCOLATE,7890,133,,,,,7892,133,,,,,7891.0,0.0
2,53200,CHOCOLATE,7890,122,,,,,7892,122,,,,,7891.0,0.0
2,53300,CHOCOLATE,7891,50,7890.0,84.0,,,7892,50,7893.0,84.0,,,7891.5,0.0
2,53400,CHOCOLATE,7892,63,7891.0,84.0,,,7893,147,,,,,7892.5,0.0
2,53500,CHOCOLATE,7892,140,,,,,7894,140,,,,,7893.0,0.0
2,53600,CHOCOLATE,7892,99,,,,,7894,99,,,,,7893.0,0.0
2,53700,CHOCOLATE,7891,114,,,,,7893,114,,,,,7892.0,0.0
2,53800,CHOCOLATE,7890,48,7889.0,75.0,,,7891,48,7892.0,75.0,,,7890.5,0.0
2,53900,CHOCOLATE,7889,113,,,,,7890,51,7891.0,62.0,,,7889.5,0.0
2,54000,CHOCOLATE,7888,130,,,,,7890,130,,,,,7889.0,0.0
2,54100,CHOCOLATE,7887,109,,,,,7889,109,,,,,7888.0,0.0
2,54200,CHOCOLATE,7888,37,7887.0,84.0,,,7889,37,7890.0,84.0,,,7888.5,0.0
2,54300,CHOCOLATE,7887,62,7886.0,53.0,,,7888,115,,,,,7887.5,0.0
2,54400,CHOCOLATE,7886,49,7885.0,85.0,,,7887,49,7888.0,85.0,,,7886.5,0.0
2,54500,CHOCOLATE,7885,113,,,,,7886,36,7887.0,77.0,,,7885.5,0.0
2,54600,CHOCOLATE,7886,161,,,,,7888,161,,,,,7887.0,0.0
2,54700,CHOCOLATE,7886,59,7885.0,95.0,,,7887,154,,,,,7886.5,0.0
2,54800,CHOCOLATE,7888,100,,,,,7889,50,7890.0,50.0,,,7888.5,0.0
2,54900,CHOCOLATE,7889,125,,,,,7890,38,7891.0,87.0,,,7889.5,0.0
2,55000,CHOCOLATE,7888,116,,,,,7890,116,,,,,7889.0,0.0
2,55100,CHOCOLATE,7890,121,,,,,7892,121,,,,,7891.0,0.0
2,55200,CHOCOLATE,7890,145,,,,,7892,145,,,,,7891.0,0.0
2,55300,CHOCOLATE,7890,56,7889.0,82.0,,,7891,138,,,,,7890.5,0.0
2,55400,CHOCOLATE,7888,44,7887.0,79.0,,,7889,44,7890.0,79.0,,,7888.5,0.0
2,55500,CHOCOLATE,7888,39,7887.0,91.0,,,7889,39,7890.0,91.0,,,7888.5,0.0
2,55600,CHOCOLATE,7888,39,7887.0,72.0,,,7889,39,7890.0,72.0,,,7888.5,0.0
2,55700,CHOCOLATE,7888,125,,,,,7889,44,7890.0,81.0,,,7888.5,0.0
2,55800,CHOCOLATE,7887,113,,,,,7889,113,,,,,7888.0,0.0
2,55900,CHOCOLATE,7887,54,7886.0,95.0,,,7888,54,7889.0,95.0,,,7887.5,0.0
2,56000,CHOCOLATE,7887,117,,,,,7889,117,,,,,7888.0,0.0
2,56100,CHOCOLATE,7887,159,,,,,7889,159,,,,,7888.0,0.0
2,56200,CHOCOLATE,7886,134,,,,,7888,134,,,,,7887.0,0.0
2,56300,CHOCOLATE,7885,150,,,,,7886,63,7887.0,87.0,,,7885.5,0.0
2,56400,CHOCOLATE,7886,44,7885.0,80.0,,,7887,44,7888.0,80.0,,,7886.5,0.0
2,56500,CHOCOLATE,7886,138,,,,,7888,138,,,,,7887.0,0.0
2,56600,CHOCOLATE,7886,109,,,,,7887,53,7888.0,56.0,,,7886.5,0.0
2,56700,CHOCOLATE,7886,112,,,,,7887,45,7888.0,67.0,,,7886.5,0.0
2,56800,CHOCOLATE,7888,44,7887.0,51.0,,,7889,95,,,,,7888.5,0.0
2,56900,CHOCOLATE,7888,122,,,,,7889,61,7890.0,61.0,,,7888.5,0.0
2,57000,CHOCOLATE,7889,127,,,,,7891,127,,,,,7890.0,0.0
2,57100,CHOCOLATE,7891,117,,,,,7892,39,7893.0,78.0,,,7891.5,0.0
2,57200,CHOCOLATE,7889,99,,,,,7891,99,,,,,7890.0,0.0
2,57300,CHOCOLATE,7889,123,,,,,7891,123,,,,,7890.0,0.0
2,57400,CHOCOLATE,7891,62,7890.0,81.0,,,7892,143,,,,,7891.5,0.0
2,57500,CHOCOLATE,7890,135,,,,,7892,135,,,,,7891.0,0.0
2,57600,CHOCOLATE,7892,58,7891.0,84.0,,,7893,142,,,,,7892.5,0.0
2,57700,CHOCOLATE,7891,109,,,,,7893,109,,,,,7892.0,0.0
2,57800,CHOCOLATE,7892,158,,,,,7894,158,,,,,7893.0,0.0
2,57900,CHOCOLATE,7893,138,,,,,7895,138,,,,,7894.0,0.0
2,58000,CHOCOLATE,7891,147,,,,,7892,64,7893.0,83.0,,,7891.5,0.0
2,58100,CHOCOLATE,7892,42,7891.0,91.0,,,7893,42,7894.0,91.0,,,7892.5,0.0
2,58200,CHOCOLATE,7891,132,,,,,7893,132,,,,,7892.0,0.0
2,58300,CHOCOLATE,7890,119,,,,,7892,119,,,,,7891.0,0.0
2,58400,CHOCOLATE,7890,149,,,,,7892,149,,,,,7891.0,0.0
2,58500,CHOCOLATE,7891,158,,,,,7892,58,7893.0,100.0,,,7891.5,0.0
2,58600,CHOCOLATE,7891,120,,,,,7893,120,,,,,7892.0,0.0
2,58700,CHOCOLATE,7893,45,7892.0,56.0,,,7894,101,,,,,7893.5,0.0
2,58800,CHOCOLATE,7892,58,7891.0,67.0,,,7893,58,7894.0,67.0,,,7892.5,0.0
2,58900,CHOCOLATE,7893,123,,,,,7894,64,7895.0,59.0,,,7893.5,0.0
2,59000,CHOCOLATE,7894,136,,,,,7896,136,,,,,7895.0,0.0
2,59100,CHOCOLATE,7896,116,,,,,7897,44,7898.0,72.0,,,7896.5,0.0
2,59200,CHOCOLATE,7896,112,,,,,7898,112,,,,,7897.0,0.0
2,59300,CHOCOLATE,7896,57,7895.0,64.0,,,7897,57,7898.0,64.0,,,7896.5,0.0
2,59400,CHOCOLATE,7896,112,,,,,7897,62,7898.0,50.0,,,7896.5,0.0
2,59500,CHOCOLATE,7896,58,7895.0,91.0,,,7897,149,,,,,7896.5,0.0
2,59600,CHOCOLATE,7895,41,7894.0,67.0,,,7896,41,7897.0,67.0,,,7895.5,0.0
2,59700,CHOCOLATE,7895,122,,,,,7897,122,,,,,7896.0,0.0
2,59800,CHOCOLATE,7896,125,,,,,7898,125,,,,,7897.0,0.0
2,59900,CHOCOLATE,7896,38,7895.0,76.0,,,7897,38,7898.0,76.0,,,7896.5,0.0
2,60000,CHOCOLATE,7895,60,7894.0,71.0,,,7896,131,,,,,7895.5,0.0
2,60100,CHOCOLATE,7895,149,,,,,7896,52,7897.0,97.0,,,7895.5,0.0
2,60200,CHOCOLATE,7896,117,,,,,7898,117,,,,,7897.0,0.0
2,60300,CHOCOLATE,7897,122,,,,,7898,9,7899.0,122.0,,,7897.5,0.0
2,60400,CHOCOLATE,7897,142,,,,,7899,142,,,,,7898.0,0.0
2,60500,CHOCOLATE,7897,107,,,,,7899,107,,,,,7898.0,0.0
2,60600,CHOCOLATE,7898,51,7897.0,79.0,,,7899,51,7900.0,79.0,,,7898.5,0.0
2,60700,CHOCOLATE,7899,152,,,,,7900,57,7901.0,95.0,,,7899.5,0.0
2,60800,CHOCOLATE,7898,133,,,,,7899,41,7900.0,92.0,,,7898.5,0.0
2,60900,CHOCOLATE,7898,148,,,,,7899,57,7900.0,91.0,,,7898.5,0.0
2,61000,CHOCOLATE,7899,131,,,,,7900,64,7901.0,67.0,,,7899.5,0.0
2,61100,CHOCOLATE,7900,89,,,,,7902,89,,,,,7901.0,0.0
2,61200,CHOCOLATE,7899,106,,,,,7901,116,,,,,7900.0,0.0
2,61300,CHOCOLATE,7899,99,,,,,7901,99,,,,,7900.0,0.0
2,61400,CHOCOLATE,7900,116,,,,,7902,116,,,,,7901.0,0.0
2,61500,CHOCOLATE,7902,40,7901.0,94.0,,,7903,134,,,,,7902.5,0.0
2,61600,CHOCOLATE,7902,55,7901.0,85.0,,,7903,55,7904.0,85.0,,,7902.5,0.0
2,61700,CHOCOLATE,7902,5,7901.0,117.0,,,7903,117,,,,,7902.5,0.0
2,61800,CHOCOLATE,7901,44,7900.0,58.0,,,7902,44,7903.0,58.0,,,7901.5,0.0
2,61900,CHOCOLATE,7900,132,,,,,7902,132,,,,,7901.0,0.0
2,62000,CHOCOLATE,7900,35,7899.0,63.0,,,7901,35,7902.0,63.0,,,7900.5,0.0
2,62100,CHOCOLATE,7900,61,7899.0,56.0,,,7901,117,,,,,7900.5,0.0
2,62200,CHOCOLATE,7899,55,7898.0,73.0,,,7900,55,7901.0,73.0,,,7899.5,0.0
2,62300,CHOCOLATE,7901,111,,,,,7903,111,,,,,7902.0,0.0
2,62400,CHOCOLATE,7902,150,,,,,7903,55,7904.0,95.0,,,7902.5,0.0
2,62500,CHOCOLATE,7902,118,,,,,7904,118,,,,,7903.0,0.0
2,62600,CHOCOLATE,7903,41,7902.0,64.0,,,7904,105,,,,,7903.5,0.0
2,62700,CHOCOLATE,7903,99,,,,,7904,46,7905.0,53.0,,,7903.5,0.0
2,62800,CHOCOLATE,7902,49,7901.0,89.0,,,7903,138,,,,,7902.5,0.0
2,62900,CHOCOLATE,7902,59,7901.0,99.0,,,7903,158,,,,,7902.5,0.0
2,63000,CHOCOLATE,7902,36,7901.0,67.0,,,7903,103,,,,,7902.5,0.0
2,63100,CHOCOLATE,7901,151,,,,,7903,151,,,,,7902.0,0.0
2,63200,CHOCOLATE,7901,150,,,,,7902,56,7903.0,94.0,,,7901.5,0.0
2,63300,CHOCOLATE,7902,68,7901.0,51.0,,,7903,115,,,,,7902.5,0.0
2,63400,CHOCOLATE,7901,127,,,,,7902,44,7903.0,83.0,,,7901.5,0.0
2,63500,CHOCOLATE,7902,63,7901.0,73.0,,,7903,63,7904.0,73.0,,,7902.5,0.0
2,63600,CHOCOLATE,7902,105,,,,,7903,49,7904.0,56.0,,,7902.5,0.0
2,63700,CHOCOLATE,7902,115,,,,,7904,115,,,,,7903.0,0.0
2,63800,CHOCOLATE,7902,35,7901.0,53.0,,,7903,88,,,,,7902.5,0.0
2,63900,CHOCOLATE,7900,48,7899.0,76.0,,,7901,48,7902.0,76.0,,,7900.5,0.0
2,64000,CHOCOLATE,7901,127,,,,,7903,127,,,,,7902.0,0.0
2,64100,CHOCOLATE,7902,45,7901.0,80.0,,,7903,125,,,,,7902.5,0.0
2,64200,CHOCOLATE,7900,54,7899.0,79.0,,,7901,54,7902.0,79.0,,,7900.5,0.0
2,64300,CHOCOLATE,7902,59,7901.0,61.0,,,7903,120,,,,,7902.5,0.0
2,64400,CHOCOLATE,7901,144,,,,,7903,144,,,,,7902.0,0.0
2,64500,CHOCOLATE,7901,42,7900.0,79.0,,,7902,42,7903.0,79.0,,,7901.5,0.0
2,64600,CHOCOLATE,7900,129,,,,,7901,52,7902.0,77.0,,,7900.5,0.0
2,64700,CHOCOLATE,7901,128,,,,,7902,49,7903.0,79.0,,,7901.5,0.0
2,64800,CHOCOLATE,7901,128,,,,,7903,128,,,,,7902.0,0.0
2,64900,CHOCOLATE,7902,62,7901.0,80.0,,,7903,142,,,,,7902.5,0.0
2,65000,CHOCOLATE,7902,62,7901.0,61.0,,,7903,123,,,,,7902.5,0.0
2,65100,CHOCOLATE,7900,148,,,,,7901,58,7902.0,98.0,,,7900.5,0.0
2,65200,CHOCOLATE,7900,117,,,,,7902,117,,,,,7901.0,0.0
2,65300,CHOCOLATE,7900,111,,,,,7902,111,,,,,7901.0,0.0
2,65400,CHOCOLATE,7900,152,,,,,7901,54,7902.0,98.0,,,7900.5,0.0
2,65500,CHOCOLATE,7900,40,7899.0,56.0,,,7901,96,,,,,7900.5,0.0
2,65600,CHOCOLATE,7899,111,,,,,7901,111,,,,,7900.0,0.0
2,65700,CHOCOLATE,7901,147,,,,,7903,147,,,,,7902.0,0.0
2,65800,CHOCOLATE,7901,44,7900.0,56.0,,,7902,44,7903.0,56.0,,,7901.5,0.0
2,65900,CHOCOLATE,7903,100,,,,,7905,100,,,,,7904.0,0.0
2,66000,CHOCOLATE,7903,133,,,,,7905,133,,,,,7904.0,0.0
2,66100,CHOCOLATE,7903,125,,,,,7905,125,,,,,7904.0,0.0
2,66200,CHOCOLATE,7904,122,,,,,7906,122,,,,,7905.0,0.0
2,66300,CHOCOLATE,7904,48,7903.0,69.0,,,7905,48,7906.0,69.0,,,7904.5,0.0
2,66400,CHOCOLATE,7905,62,7904.0,66.0,,,7906,62,7907.0,66.0,,,7905.5,0.0
2,66500,CHOCOLATE,7903,134,,,,,7905,134,,,,,7904.0,0.0
2,66600,CHOCOLATE,7903,61,7902.0,90.0,,,7904,61,7905.0,90.0,,,7903.5,0.0
2,66700,CHOCOLATE,7902,102,,,,,7904,102,,,,,7903.0,0.0
2,66800,CHOCOLATE,7901,142,,,,,7903,142,,,,,7902.0,0.0
2,66900,CHOCOLATE,7902,121,,,,,7903,42,7904.0,79.0,,,7902.5,0.0
2,67000,CHOCOLATE,7902,49,7901.0,69.0,,,7903,45,7904.0,69.0,,,7902.5,0.0
2,67100,CHOCOLATE,7903,60,7902.0,73.0,,,7904,133,,,,,7903.5,0.0
2,67200,CHOCOLATE,7902,55,7901.0,52.0,,,7903,55,7904.0,52.0,,,7902.5,0.0
2,67300,CHOCOLATE,7904,50,7903.0,84.0,,,7905,134,,,,,7904.5,0.0
2,67400,CHOCOLATE,7903,62,7902.0,55.0,,,7904,117,,,,,7903.5,0.0
2,67500,CHOCOLATE,7903,110,,,,,7905,110,,,,,7904.0,0.0
2,67600,CHOCOLATE,7903,119,,,,,7904,54,7905.0,65.0,,,7903.5,0.0
2,67700,CHOCOLATE,7905,65,7904.0,78.0,,,7906,143,,,,,7905.5,0.0
2,67800,CHOCOLATE,7904,38,7903.0,79.0,,,7905,38,7906.0,79.0,,,7904.5,0.0
2,67900,CHOCOLATE,7902,147,,,,,7904,147,,,,,7903.0,0.0
2,68000,CHOCOLATE,7903,117,,,,,7904,58,7905.0,59.0,,,7903.5,0.0
2,68100,CHOCOLATE,7903,48,7902.0,90.0,,,7904,138,,,,,7903.5,0.0
2,68200,CHOCOLATE,7901,151,,,,,7903,151,,,,,7902.0,0.0
2,68300,CHOCOLATE,7903,109,,,,,7904,35,7905.0,70.0,,,7903.5,0.0
2,68400,CHOCOLATE,7903,159,,,,,7905,159,,,,,7904.0,0.0
2,68500,CHOCOLATE,7903,111,,,,,7905,111,,,,,7904.0,0.0
2,68600,CHOCOLATE,7901,146,,,,,7903,146,,,,,7902.0,0.0
2,68700,CHOCOLATE,7902,51,7901.0,87.0,,,7903,138,,,,,7902.5,0.0
2,68800,CHOCOLATE,7904,55,7903.0,57.0,,,7905,55,7906.0,57.0,,,7904.5,0.0
2,68900,CHOCOLATE,7904,135,,,,,7906,135,,,,,7905.0,0.0
2,69000,CHOCOLATE,7904,61,7903.0,64.0,,,7905,125,,,,,7904.5,0.0
2,69100,CHOCOLATE,7903,144,,,,,7905,144,,,,,7904.0,0.0
2,69200,CHOCOLATE,7904,149,,,,,7905,64,7906.0,85.0,,,7904.5,0.0
2,69300,CHOCOLATE,7902,48,7901.0,63.0,,,7903,111,,,,,7902.5,0.0
2,69400,CHOCOLATE,7902,56,7901.0,76.0,,,7903,132,,,,,7902.5,0.0
2,69500,CHOCOLATE,7901,38,7900.0,76.0,,,7902,114,,,,,7901.5,0.0
2,69600,CHOCOLATE,7901,118,,,,,7903,118,,,,,7902.0,0.0
2,69700,CHOCOLATE,7900,129,,,,,7902,129,,,,,7901.0,0.0
2,69800,CHOCOLATE,7900,137,,,,,7902,137,,,,,7901.0,0.0
2,69900,CHOCOLATE,7901,42,7900.0,70.0,,,7902,42,7903.0,70.0,,,7901.5,0.0
2,70000,CHOCOLATE,7902,140,,,,,7904,140,,,,,7903.0,0.0
2,70100,CHOCOLATE,7903,133,,,,,7905,133,,,,,7904.0,0.0
2,70200,CHOCOLATE,7905,135,,,,,7906,63,7907.0,72.0,,,7905.5,0.0
2,70300,CHOCOLATE,7904,108,,,,,7905,57,7906.0,51.0,,,7904.5,0.0
2,70400,CHOCOLATE,7904,126,,,,,7906,126,,,,,7905.0,0.0
2,70500,CHOCOLATE,7907,104,,,,,7908,53,7909.0,51.0,,,7907.5,0.0
2,70600,CHOCOLATE,7908,101,,,,,7909,44,7910.0,57.0,,,7908.5,0.0
2,70700,CHOCOLATE,7908,102,,,,,7909,40,7910.0,62.0,,,7908.5,0.0
2,70800,CHOCOLATE,7907,65,7906.0,89.0,,,7908,65,7909.0,89.0,,,7907.5,0.0
2,70900,CHOCOLATE,7908,119,,,,,7910,119,,,,,7909.0,0.0
2,71000,CHOCOLATE,7909,135,,,,,7911,135,,,,,7910.0,0.0
2,71100,CHOCOLATE,7909,114,,,,,7911,114,,,,,7910.0,0.0
2,71200,CHOCOLATE,7908,51,7907.0,75.0,,,7909,51,7910.0,75.0,,,7908.5,0.0
2,71300,CHOCOLATE,7907,55,7906.0,98.0,,,7908,153,,,,,7907.5,0.0
2,71400,CHOCOLATE,7908,65,7907.0,100.0,,,7909,165,,,,,7908.5,0.0
2,71500,CHOCOLATE,7908,124,,,,,7909,53,7910.0,81.0,,,7908.5,0.0
2,71600,CHOCOLATE,7910,64,7909.0,87.0,,,7911,151,,,,,7910.5,0.0
2,71700,CHOCOLATE,7909,65,7908.0,52.0,,,7910,117,,,,,7909.5,0.0
2,71800,CHOCOLATE,7909,61,7908.0,69.0,,,7910,130,,,,,7909.5,0.0
2,71900,CHOCOLATE,7909,55,7908.0,100.0,,,7910,155,,,,,7909.5,0.0
2,72000,CHOCOLATE,7907,105,,,,,7908,49,7909.0,56.0,,,7907.5,0.0
2,72100,CHOCOLATE,7907,153,,,,,7908,53,7909.0,100.0,,,7907.5,0.0
2,72200,CHOCOLATE,7907,147,,,,,7908,60,7909.0,87.0,,,7907.5,0.0
2,72300,CHOCOLATE,7908,115,,,,,7910,115,,,,,7909.0,0.0
2,72400,CHOCOLATE,7908,145,,,,,7909,5,7910.0,145.0,,,7908.5,0.0
2,72500,CHOCOLATE,7908,57,7907.0,76.0,,,7909,57,7910.0,76.0,,,7908.5,0.0
2,72600,CHOCOLATE,7906,98,,,,,7908,98,,,,,7907.0,0.0
2,72700,CHOCOLATE,7907,51,7906.0,77.0,,,7908,51,7909.0,77.0,,,7907.5,0.0
2,72800,CHOCOLATE,7908,96,,,,,7910,96,,,,,7909.0,0.0
2,72900,CHOCOLATE,7909,115,,,,,7910,56,7911.0,59.0,,,7909.5,0.0
2,73000,CHOCOLATE,7910,57,7909.0,61.0,,,7911,57,7912.0,61.0,,,7910.5,0.0
2,73100,CHOCOLATE,7908,137,,,,,7910,137,,,,,7909.0,0.0
2,73200,CHOCOLATE,7910,62,7909.0,75.0,,,7911,62,7912.0,75.0,,,7910.5,0.0
2,73300,CHOCOLATE,7909,54,7908.0,71.0,,,7910,54,7911.0,71.0,,,7909.5,0.0
2,73400,CHOCOLATE,7908,122,,,,,7910,122,,,,,7909.0,0.0
2,73500,CHOCOLATE,7906,96,,,,,7908,96,,,,,7907.0,0.0
2,73600,CHOCOLATE,7906,147,,,,,7907,63,7908.0,84.0,,,7906.5,0.0
2,73700,CHOCOLATE,7905,129,,,,,7907,129,,,,,7906.0,0.0
2,73800,CHOCOLATE,7904,160,,,,,7905,60,7906.0,100.0,,,7904.5,0.0
2,73900,CHOCOLATE,7905,38,7904.0,64.0,,,7906,38,7907.0,64.0,,,7905.5,0.0
2,74000,CHOCOLATE,7904,43,7903.0,54.0,,,7905,43,7906.0,54.0,,,7904.5,0.0
2,74100,CHOCOLATE,7904,44,7903.0,80.0,,,7905,44,7906.0,80.0,,,7904.5,0.0
2,74200,CHOCOLATE,7905,61,7904.0,54.0,,,7906,61,7907.0,54.0,,,7905.5,0.0
2,74300,CHOCOLATE,7904,124,,,,,7906,124,,,,,7905.0,0.0
2,74400,CHOCOLATE,7904,99,,,,,7906,105,,,,,7905.0,0.0
2,74500,CHOCOLATE,7905,47,7904.0,89.0,,,7906,47,7907.0,89.0,,,7905.5,0.0
2,74600,CHOCOLATE,7904,131,,,,,7905,49,7906.0,82.0,,,7904.5,0.0
2,74700,CHOCOLATE,7904,44,7903.0,79.0,,,7905,44,7906.0,79.0,,,7904.5,0.0
2,74800,CHOCOLATE,7904,118,,,,,7906,118,,,,,7905.0,0.0
2,74900,CHOCOLATE,7905,59,7904.0,67.0,,,7906,59,7907.0,67.0,,,7905.5,0.0
2,75000,CHOCOLATE,7905,65,7904.0,50.0,,,7906,115,,,,,7905.5,0.0
2,75100,CHOCOLATE,7905,55,7904.0,98.0,,,7906,153,,,,,7905.5,0.0
2,75200,CHOCOLATE,7904,133,,,,,7905,38,7906.0,95.0,,,7904.5,0.0
2,75300,CHOCOLATE,7903,112,,,,,7904,39,7905.0,73.0,,,7903.5,0.0
2,75400,CHOCOLATE,7904,64,7903.0,55.0,,,7905,64,7906.0,55.0,,,7904.5,0.0
2,75500,CHOCOLATE,7904,134,,,,,7906,134,,,,,7905.0,0.0
2,75600,CHOCOLATE,7906,131,,,,,7907,38,7908.0,93.0,,,7906.5,0.0
2,75700,CHOCOLATE,7908,59,7907.0,93.0,,,7909,59,7910.0,93.0,,,7908.5,0.0
2,75800,CHOCOLATE,7908,123,,,,,7910,123,,,,,7909.0,0.0
2,75900,CHOCOLATE,7909,46,7908.0,62.0,,,7910,108,,,,,7909.5,0.0
2,76000,CHOCOLATE,7909,126,,,,,7911,126,,,,,7910.0,0.0
2,76100,CHOCOLATE,7908,158,,,,,7910,158,,,,,7909.0,0.0
2,76200,CHOCOLATE,7908,58,7907.0,71.0,,,7909,58,7910.0,71.0,,,7908.5,0.0
2,76300,CHOCOLATE,7908,109,,,,,7910,109,,,,,7909.0,0.0
2,76400,CHOCOLATE,7908,131,,,,,7909,4,7910.0,131.0,,,7908.5,0.0
2,76500,CHOCOLATE,7909,143,,,,,7910,58,7911.0,85.0,,,7909.5,0.0
2,76600,CHOCOLATE,7910,53,7909.0,59.0,,,7911,53,7912.0,59.0,,,7910.5,0.0
2,76700,CHOCOLATE,7910,146,,,,,7911,55,7912.0,82.0,,,7910.5,0.0
2,76800,CHOCOLATE,7911,55,7910.0,78.0,,,7912,140,,,,,7911.5,0.0
2,76900,CHOCOLATE,7911,109,,,,,7913,109,,,,,7912.0,0.0
2,77000,CHOCOLATE,7909,113,,,,,7911,113,,,,,7910.0,0.0
2,77100,CHOCOLATE,7908,156,,,,,7910,156,,,,,7909.0,0.0
2,77200,CHOCOLATE,7910,39,7909.0,77.0,,,7911,125,,,,,7910.5,0.0
2,77300,CHOCOLATE,7912,63,7911.0,69.0,,,7913,132,,,,,7912.5,0.0
2,77400,CHOCOLATE,7911,128,,,,,7912,58,7913.0,70.0,,,7911.5,0.0
2,77500,CHOCOLATE,7911,141,,,,,7912,56,7913.0,89.0,,,7911.5,0.0
2,77600,CHOCOLATE,7914,53,7913.0,50.0,,,7915,103,,,,,7914.5,0.0
2,77700,CHOCOLATE,7915,144,,,,,7916,56,7917.0,88.0,,,7915.5,0.0
2,77800,CHOCOLATE,7914,110,,,,,7916,110,,,,,7915.0,0.0
2,77900,CHOCOLATE,7913,134,,,,,7915,134,,,,,7914.0,0.0
2,78000,CHOCOLATE,7912,142,,,,,7914,142,,,,,7913.0,0.0
2,78100,CHOCOLATE,7913,124,,,,,7914,42,7915.0,82.0,,,7913.5,0.0
2,78200,CHOCOLATE,7913,135,,,,,7914,57,7915.0,78.0,,,7913.5,0.0
2,78300,CHOCOLATE,7912,158,,,,,7913,65,7914.0,93.0,,,7912.5,0.0
2,78400,CHOCOLATE,7914,61,7913.0,84.0,,,7915,145,,,,,7914.5,0.0
2,78500,CHOCOLATE,7913,132,,,,,7914,49,7915.0,83.0,,,7913.5,0.0
2,78600,CHOCOLATE,7913,142,,,,,7915,142,,,,,7914.0,0.0
2,78700,CHOCOLATE,7914,131,,,,,7915,58,7916.0,73.0,,,7914.5,0.0
2,78800,CHOCOLATE,7912,65,7911.0,53.0,,,7913,118,,,,,7912.5,0.0
2,78900,CHOCOLATE,7912,43,7911.0,64.0,,,7913,43,7914.0,64.0,,,7912.5,0.0
2,79000,CHOCOLATE,7910,141,,,,,7911,60,7912.0,81.0,,,7910.5,0.0
2,79100,CHOCOLATE,7909,93,,,,,7911,93,,,,,7910.0,0.0
2,79200,CHOCOLATE,7909,30,7908.0,78.0,,,7910,116,,,,,7909.5,0.0
2,79300,CHOCOLATE,7909,105,,,,,7911,105,,,,,7910.0,0.0
2,79400,CHOCOLATE,7909,49,7908.0,54.0,,,7910,103,,,,,7909.5,0.0
2,79500,CHOCOLATE,7910,62,7909.0,59.0,,,7911,121,,,,,7910.5,0.0
2,79600,CHOCOLATE,7907,60,7906.0,75.0,,,7908,135,,,,,7907.5,0.0
2,79700,CHOCOLATE,7907,56,7906.0,71.0,,,7908,56,7909.0,71.0,,,7907.5,0.0
2,79800,CHOCOLATE,7909,37,7908.0,70.0,,,7910,107,,,,,7909.5,0.0
2,79900,CHOCOLATE,7909,138,,,,,7910,40,7911.0,98.0,,,7909.5,0.0
2,80000,CHOCOLATE,7910,106,,,,,7912,106,,,,,7911.0,0.0
2,80100,CHOCOLATE,7908,124,,,,,7910,124,,,,,7909.0,0.0
2,80200,CHOCOLATE,7907,109,,,,,7909,109,,,,,7908.0,0.0
2,80300,CHOCOLATE,7908,46,7907.0,79.0,,,7909,46,7910.0,79.0,,,7908.5,0.0
2,80400,CHOCOLATE,7908,125,,,,,7909,51,7910.0,74.0,,,7908.5,0.0
2,80500,CHOCOLATE,7906,146,,,,,7908,146,,,,,7907.0,0.0
2,80600,CHOCOLATE,7906,47,7905.0,58.0,,,7907,105,,,,,7906.5,0.0
2,80700,CHOCOLATE,7905,56,7904.0,71.0,,,7906,56,7907.0,71.0,,,7905.5,0.0
2,80800,CHOCOLATE,7904,156,,,,,7906,156,,,,,7905.0,0.0
2,80900,CHOCOLATE,7905,108,,,,,7906,51,7907.0,57.0,,,7905.5,0.0
2,81000,CHOCOLATE,7905,136,,,,,7907,136,,,,,7906.0,0.0
2,81100,CHOCOLATE,7905,110,,,,,7907,110,,,,,7906.0,0.0
2,81200,CHOCOLATE,7903,108,,,,,7904,36,7905.0,72.0,,,7903.5,0.0
2,81300,CHOCOLATE,7902,112,,,,,7904,112,,,,,7903.0,0.0
2,81400,CHOCOLATE,7900,120,,,,,7902,120,,,,,7901.0,0.0
2,81500,CHOCOLATE,7900,144,,,,,7902,144,,,,,7901.0,0.0
2,81600,CHOCOLATE,7901,123,,,,,7903,123,,,,,7902.0,0.0
2,81700,CHOCOLATE,7902,145,,,,,7903,57,7904.0,88.0,,,7902.5,0.0
2,81800,CHOCOLATE,7902,126,,,,,7904,126,,,,,7903.0,0.0
2,81900,CHOCOLATE,7901,42,7900.0,70.0,,,7902,42,7903.0,70.0,,,7901.5,0.0
2,82000,CHOCOLATE,7901,124,,,,,7903,124,,,,,7902.0,0.0
2,82100,CHOCOLATE,7901,48,7900.0,72.0,,,7902,48,7903.0,72.0,,,7901.5,0.0
2,82200,CHOCOLATE,7900,114,,,,,7901,51,7902.0,63.0,,,7900.5,0.0
2,82300,CHOCOLATE,7899,46,7898.0,54.0,,,7900,100,,,,,7899.5,0.0
2,82400,CHOCOLATE,7899,131,,,,,7901,131,,,,,7900.0,0.0
2,82500,CHOCOLATE,7900,140,,,,,7902,140,,,,,7901.0,0.0
2,82600,CHOCOLATE,7902,134,,,,,7903,42,7904.0,92.0,,,7902.5,0.0
2,82700,CHOCOLATE,7902,43,7901.0,80.0,,,7903,43,7904.0,80.0,,,7902.5,0.0
2,82800,CHOCOLATE,7902,47,7901.0,92.0,,,7903,47,7904.0,92.0,,,7902.5,0.0
2,82900,CHOCOLATE,7901,126,,,,,7902,46,7903.0,80.0,,,7901.5,0.0
2,83000,CHOCOLATE,7902,139,,,,,7904,139,,,,,7903.0,0.0
2,83100,CHOCOLATE,7902,112,,,,,7904,112,,,,,7903.0,0.0
2,83200,CHOCOLATE,7902,110,,,,,7904,110,,,,,7903.0,0.0
2,83300,CHOCOLATE,7904,39,7903.0,90.0,,,7905,39,7906.0,90.0,,,7904.5,0.0
2,83400,CHOCOLATE,7905,65,7904.0,69.0,,,7906,134,,,,,7905.5,0.0
2,83500,CHOCOLATE,7903,40,7902.0,65.0,,,7904,40,7905.0,65.0,,,7903.5,0.0
2,83600,CHOCOLATE,7903,122,,,,,7904,44,7905.0,78.0,,,7903.5,0.0
2,83700,CHOCOLATE,7902,48,7901.0,63.0,,,7903,111,,,,,7902.5,0.0
2,83800,CHOCOLATE,7902,60,7901.0,82.0,,,7903,142,,,,,7902.5,0.0
2,83900,CHOCOLATE,7903,149,,,,,7905,149,,,,,7904.0,0.0
2,84000,CHOCOLATE,7902,128,,,,,7904,128,,,,,7903.0,0.0
2,84100,CHOCOLATE,7903,60,7902.0,66.0,,,7904,126,,,,,7903.5,0.0
2,84200,CHOCOLATE,7904,55,7903.0,92.0,,,7905,147,,,,,7904.5,0.0
2,84300,CHOCOLATE,7903,43,7902.0,75.0,,,7904,118,,,,,7903.5,0.0
2,84400,CHOCOLATE,7904,53,7903.0,56.0,,,7905,44,7906.0,56.0,,,7904.5,0.0
2,84500,CHOCOLATE,7904,56,7903.0,79.0,,,7905,56,7906.0,79.0,,,7904.5,0.0
2,84600,CHOCOLATE,7904,113,,,,,7906,113,,,,,7905.0,0.0
2,84700,CHOCOLATE,7904,140,,,,,7906,140,,,,,7905.0,0.0
2,84800,CHOCOLATE,7903,132,,,,,7904,10,7905.0,132.0,,,7903.5,0.0
2,84900,CHOCOLATE,7901,120,,,,,7903,120,,,,,7902.0,0.0
2,85000,CHOCOLATE,7901,109,,,,,7903,109,,,,,7902.0,0.0
2,85100,CHOCOLATE,7901,112,,,,,7903,112,,,,,7902.0,0.0
2,85200,CHOCOLATE,7900,54,7899.0,69.0,,,7901,54,7902.0,69.0,,,7900.5,0.0
2,85300,CHOCOLATE,7898,108,,,,,7900,108,,,,,7899.0,0.0
2,85400,CHOCOLATE,7901,57,7900.0,76.0,,,7902,57,7903.0,76.0,,,7901.5,0.0
2,85500,CHOCOLATE,7901,137,,,,,7903,137,,,,,7902.0,0.0
2,85600,CHOCOLATE,7901,136,,,,,7903,136,,,,,7902.0,0.0
2,85700,CHOCOLATE,7900,139,,,,,7901,60,7902.0,79.0,,,7900.5,0.0
2,85800,CHOCOLATE,7900,48,7899.0,85.0,,,7901,128,,,,,7900.5,0.0
2,85900,CHOCOLATE,7899,65,7898.0,59.0,,,7900,124,,,,,7899.5,0.0
2,86000,CHOCOLATE,7897,98,,,,,7898,43,7899.0,55.0,,,7897.5,0.0
2,86100,CHOCOLATE,7897,111,,,,,7898,38,7899.0,73.0,,,7897.5,0.0
2,86200,CHOCOLATE,7899,66,7898.0,91.0,,,7900,61,7901.0,91.0,,,7899.5,0.0
2,86300,CHOCOLATE,7898,39,7897.0,84.0,,,7899,39,7900.0,84.0,,,7898.5,0.0
2,86400,CHOCOLATE,7898,36,7897.0,76.0,,,7899,112,,,,,7898.5,0.0
2,86500,CHOCOLATE,7896,117,,,,,7898,117,,,,,7897.0,0.0
2,86600,CHOCOLATE,7896,134,,,,,7898,134,,,,,7897.0,0.0
2,86700,CHOCOLATE,7895,122,,,,,7896,58,7897.0,64.0,,,7895.5,0.0
2,86800,CHOCOLATE,7896,121,,,,,7897,45,7898.0,76.0,,,7896.5,0.0
2,86900,CHOCOLATE,7898,117,,,,,7899,45,7900.0,72.0,,,7898.5,0.0
2,87000,CHOCOLATE,7898,43,7897.0,61.0,,,7899,104,,,,,7898.5,0.0
2,87100,CHOCOLATE,7897,130,,,,,7899,130,,,,,7898.0,0.0
2,87200,CHOCOLATE,7897,129,,,,,7899,129,,,,,7898.0,0.0
2,87300,CHOCOLATE,7898,129,,,,,7899,63,7900.0,66.0,,,7898.5,0.0
2,87400,CHOCOLATE,7899,54,7898.0,82.0,,,7900,136,,,,,7899.5,0.0
2,87500,CHOCOLATE,7898,126,,,,,7900,126,,,,,7899.0,0.0
2,87600,CHOCOLATE,7899,64,7898.0,77.0,,,7900,141,,,,,7899.5,0.0
2,87700,CHOCOLATE,7897,119,,,,,7899,119,,,,,7898.0,0.0
2,87800,CHOCOLATE,7899,61,7898.0,81.0,,,7900,61,7901.0,81.0,,,7899.5,0.0
2,87900,CHOCOLATE,7900,118,,,,,7901,58,7902.0,60.0,,,7900.5,0.0
2,88000,CHOCOLATE,7901,160,,,,,7903,160,,,,,7902.0,0.0
2,88100,CHOCOLATE,7902,100,,,,,7903,46,7904.0,54.0,,,7902.5,0.0
2,88200,CHOCOLATE,7900,126,,,,,7901,47,7902.0,79.0,,,7900.5,0.0
2,88300,CHOCOLATE,7900,95,,,,,7902,95,,,,,7901.0,0.0
2,88400,CHOCOLATE,7899,148,,,,,7901,148,,,,,7900.0,0.0
2,88500,CHOCOLATE,7899,110,,,,,7900,8,7901.0,110.0,,,7899.5,0.0
2,88600,CHOCOLATE,7900,42,7899.0,64.0,,,7901,42,7902.0,64.0,,,7900.5,0.0
2,88700,CHOCOLATE,7898,135,,,,,7900,135,,,,,7899.0,0.0
2,88800,CHOCOLATE,7899,119,,,,,7901,119,,,,,7900.0,0.0
2,88900,CHOCOLATE,7900,118,,,,,7901,36,7902.0,82.0,,,7900.5,0.0
2,89000,CHOCOLATE,7900,62,7899.0,84.0,,,7901,54,7902.0,84.0,,,7900.5,0.0
2,89100,CHOCOLATE,7900,52,7899.0,68.0,,,7901,120,,,,,7900.5,0.0
2,89200,CHOCOLATE,7900,47,7899.0,70.0,,,7901,117,,,,,7900.5,0.0
2,89300,CHOCOLATE,7900,44,7899.0,88.0,,,7901,132,,,,,7900.5,0.0
2,89400,CHOCOLATE,7900,42,7899.0,54.0,,,7901,42,7902.0,54.0,,,7900.5,0.0
2,89500,CHOCOLATE,7901,57,7900.0,66.0,,,7902,57,7903.0,66.0,,,7901.5,0.0
2,89600,CHOCOLATE,7900,106,,,,,7902,106,,,,,7901.0,0.0
2,89700,CHOCOLATE,7899,60,7898.0,58.0,,,7900,118,,,,,7899.5,0.0
2,89800,CHOCOLATE,7900,100,,,,,7902,110,,,,,7901.0,0.0
2,89900,CHOCOLATE,7902,44,7901.0,58.0,,,7903,44,7904.0,58.0,,,7902.5,0.0
2,90000,CHOCOLATE,7902,43,7901.0,76.0,,,7903,43,7904.0,76.0,,,7902.5,0.0
2,90100,CHOCOLATE,7901,36,7900.0,60.0,,,7902,96,,,,,7901.5,0.0
2,90200,CHOCOLATE,7900,144,,,,,7902,144,,,,,7901.0,0.0
2,90300,CHOCOLATE,7899,116,,,,,7901,116,,,,,7900.0,0.0
2,90400,CHOCOLATE,7897,139,,,,,7899,139,,,,,7898.0,0.0
2,90500,CHOCOLATE,7899,43,7898.0,72.0,,,7900,43,7901.0,72.0,,,7899.5,0.0
2,90600,CHOCOLATE,7898,105,,,,,7900,105,,,,,7899.0,0.0
2,90700,CHOCOLATE,7899,8,7898.0,114.0,,,7900,114,,,,,7899.5,0.0
2,90800,CHOCOLATE,7898,8,7897.0,126.0,,,7899,126,,,,,7898.5,0.0
2,90900,CHOCOLATE,7897,159,,,,,7898,63,7899.0,96.0,,,7897.5,0.0
2,91000,CHOCOLATE,7898,36,7897.0,53.0,,,7899,89,,,,,7898.5,0.0
2,91100,CHOCOLATE,7898,117,,,,,7900,117,,,,,7899.0,0.0
2,91200,CHOCOLATE,7899,45,7898.0,72.0,,,7900,117,,,,,7899.5,0.0
2,91300,CHOCOLATE,7900,103,,,,,7902,103,,,,,7901.0,0.0
2,91400,CHOCOLATE,7901,64,7900.0,79.0,,,7902,143,,,,,7901.5,0.0
2,91500,CHOCOLATE,7901,50,7900.0,63.0,,,7902,113,,,,,7901.5,0.0
2,91600,CHOCOLATE,7901,38,7900.0,99.0,,,7902,137,,,,,7901.5,0.0
2,91700,CHOCOLATE,7901,142,,,,,7903,142,,,,,7902.0,0.0
2,91800,CHOCOLATE,7901,93,,,,,7903,93,,,,,7902.0,0.0
2,91900,CHOCOLATE,7902,35,7901.0,50.0,,,7903,85,,,,,7902.5,0.0
2,92000,CHOCOLATE,7902,127,,,,,7903,56,7904.0,71.0,,,7902.5,0.0
2,92100,CHOCOLATE,7902,48,7901.0,71.0,,,7903,48,7904.0,71.0,,,7902.5,0.0
2,92200,CHOCOLATE,7903,101,,,,,7905,101,,,,,7904.0,0.0
2,92300,CHOCOLATE,7901,140,,,,,7902,46,7903.0,94.0,,,7901.5,0.0
2,92400,CHOCOLATE,7901,49,7900.0,54.0,,,7902,49,7903.0,54.0,,,7901.5,0.0
2,92500,CHOCOLATE,7901,138,,,,,7902,40,7903.0,98.0,,,7901.5,0.0
2,92600,CHOCOLATE,7903,42,7902.0,82.0,,,7904,42,7905.0,82.0,,,7903.5,0.0
2,92700,CHOCOLATE,7902,99,,,,,7903,43,7904.0,56.0,,,7902.5,0.0
2,92800,CHOCOLATE,7903,44,7902.0,85.0,,,7904,44,7905.0,85.0,,,7903.5,0.0
2,92900,CHOCOLATE,7902,65,7901.0,60.0,,,7903,65,7904.0,60.0,,,7902.5,0.0
2,93000,CHOCOLATE,7902,99,,,,,7903,36,7904.0,63.0,,,7902.5,0.0
2,93100,CHOCOLATE,7903,151,,,,,7904,62,7905.0,89.0,,,7903.5,0.0
2,93200,CHOCOLATE,7903,101,,,,,7905,101,,,,,7904.0,0.0
2,93300,CHOCOLATE,7904,44,7903.0,98.0,,,7905,44,7906.0,98.0,,,7904.5,0.0
2,93400,CHOCOLATE,7903,44,7902.0,87.0,,,7904,44,7905.0,87.0,,,7903.5,0.0
2,93500,CHOCOLATE,7904,58,7903.0,72.0,,,7905,58,7906.0,72.0,,,7904.5,0.0
2,93600,CHOCOLATE,7903,143,,,,,7905,143,,,,,7904.0,0.0
2,93700,CHOCOLATE,7904,152,,,,,7905,62,7906.0,90.0,,,7904.5,0.0
2,93800,CHOCOLATE,7904,42,7903.0,94.0,,,7905,136,,,,,7904.5,0.0
2,93900,CHOCOLATE,7904,34,7903.0,65.0,,,7905,42,7906.0,65.0,,,7904.5,0.0
2,94000,CHOCOLATE,7904,130,,,,,7905,60,7906.0,70.0,,,7904.5,0.0
2,94100,CHOCOLATE,7904,60,7903.0,91.0,,,7905,151,,,,,7904.5,0.0
2,94200,CHOCOLATE,7903,88,,,,,7905,88,,,,,7904.0,0.0
2,94300,CHOCOLATE,7902,59,7901.0,78.0,,,7903,59,7904.0,78.0,,,7902.5,0.0
2,94400,CHOCOLATE,7901,92,,,,,7902,39,7903.0,53.0,,,7901.5,0.0
2,94500,CHOCOLATE,7901,57,7900.0,92.0,,,7902,57,7903.0,92.0,,,7901.5,0.0
2,94600,CHOCOLATE,7901,52,7900.0,96.0,,,7902,148,,,,,7901.5,0.0
2,94700,CHOCOLATE,7900,126,,,,,7902,126,,,,,7901.0,0.0
2,94800,CHOCOLATE,7900,45,7899.0,51.0,,,7901,96,,,,,7900.5,0.0
2,94900,CHOCOLATE,7900,102,,,,,7901,46,7902.0,56.0,,,7900.5,0.0
2,95000,CHOCOLATE,7901,141,,,,,7902,52,7903.0,89.0,,,7901.5,0.0
2,95100,CHOCOLATE,7903,112,,,,,7904,40,7905.0,72.0,,,7903.5,0.0
2,95200,CHOCOLATE,7902,51,7901.0,80.0,,,7903,131,,,,,7902.5,0.0
2,95300,CHOCOLATE,7900,134,,,,,7901,49,7902.0,85.0,,,7900.5,0.0
2,95400,CHOCOLATE,7901,54,7900.0,93.0,,,7902,54,7903.0,93.0,,,7901.5,0.0
2,95500,CHOCOLATE,7899,6,7898.0,138.0,,,7900,138,,,,,7899.5,0.0
2,95600,CHOCOLATE,7900,60,7899.0,56.0,,,7901,116,,,,,7900.5,0.0
2,95700,CHOCOLATE,7900,55,7899.0,89.0,,,7901,144,,,,,7900.5,0.0
2,95800,CHOCOLATE,7899,101,,,,,7901,101,,,,,7900.0,0.0
2,95900,CHOCOLATE,7899,117,,,,,7900,54,7901.0,63.0,,,7899.5,0.0
2,96000,CHOCOLATE,7897,41,7896.0,98.0,,,7898,41,7899.0,98.0,,,7897.5,0.0
2,96100,CHOCOLATE,7897,45,7896.0,53.0,,,7898,45,7899.0,53.0,,,7897.5,0.0
2,96200,CHOCOLATE,7897,121,,,,,7899,121,,,,,7898.0,0.0
2,96300,CHOCOLATE,7898,100,,,,,7900,104,,,,,7899.0,0.0
2,96400,CHOCOLATE,7897,139,,,,,7899,139,,,,,7898.0,0.0
2,96500,CHOCOLATE,7898,42,7897.0,79.0,,,7899,42,7900.0,79.0,,,7898.5,0.0
2,96600,CHOCOLATE,7900,152,,,,,7902,152,,,,,7901.0,0.0
2,96700,CHOCOLATE,7898,102,,,,,7900,112,,,,,7899.0,0.0
2,96800,CHOCOLATE,7898,123,,,,,7900,115,,,,,7899.0,0.0
2,96900,CHOCOLATE,7899,135,,,,,7900,37,7901.0,98.0,,,7899.5,0.0
2,97000,CHOCOLATE,7898,112,,,,,7900,112,,,,,7899.0,0.0
2,97100,CHOCOLATE,7898,37,7897.0,88.0,,,7899,125,,,,,7898.5,0.0
2,97200,CHOCOLATE,7897,46,7896.0,78.0,,,7898,124,,,,,7897.5,0.0
2,97300,CHOCOLATE,7897,114,,,,,7898,51,7899.0,63.0,,,7897.5,0.0
2,97400,CHOCOLATE,7897,48,7896.0,77.0,,,7898,48,7899.0,77.0,,,7897.5,0.0
2,97500,CHOCOLATE,7897,48,7896.0,73.0,,,7898,121,,,,,7897.5,0.0
2,97600,CHOCOLATE,7897,140,,,,,7898,41,7899.0,99.0,,,7897.5,0.0
2,97700,CHOCOLATE,7896,60,7895.0,96.0,,,7897,60,7898.0,96.0,,,7896.5,0.0
2,97800,CHOCOLATE,7896,109,,,,,7898,109,,,,,7897.0,0.0
2,97900,CHOCOLATE,7896,41,7895.0,87.0,,,7897,41,7898.0,87.0,,,7896.5,0.0
2,98000,CHOCOLATE,7897,88,,,,,7899,88,,,,,7898.0,0.0
2,98100,CHOCOLATE,7899,37,7898.0,89.0,,,7900,37,7901.0,89.0,,,7899.5,0.0
2,98200,CHOCOLATE,7900,57,7899.0,63.0,,,7901,120,,,,,7900.5,0.0
2,98300,CHOCOLATE,7899,43,7898.0,87.0,,,7900,43,7901.0,87.0,,,7899.5,0.0
2,98400,CHOCOLATE,7900,110,,,,,7901,54,7902.0,56.0,,,7900.5,0.0
2,98500,CHOCOLATE,7899,45,7898.0,66.0,,,7900,49,7901.0,66.0,,,7899.5,0.0
2,98600,CHOCOLATE,7900,62,7899.0,89.0,,,7901,62,7902.0,89.0,,,7900.5,0.0
2,98700,CHOCOLATE,7900,146,,,,,7902,146,,,,,7901.0,0.0
2,98800,CHOCOLATE,7899,140,,,,,7901,140,,,,,7900.0,0.0
2,98900,CHOCOLATE,7898,153,,,,,7900,153,,,,,7899.0,0.0
2,99000,CHOCOLATE,7897,37,7896.0,61.0,,,7898,37,7899.0,61.0,,,7897.5,0.0
2,99100,CHOCOLATE,7897,48,7896.0,90.0,,,7898,138,,,,,7897.5,0.0
2,99200,CHOCOLATE,7897,98,,,,,7899,98,,,,,7898.0,0.0
2,99300,CHOCOLATE,7895,136,,,,,7897,136,,,,,7896.0,0.0
2,99400,CHOCOLATE,7895,125,,,,,7897,125,,,,,7896.0,0.0
2,99500,CHOCOLATE,7897,41,7896.0,79.0,,,7898,41,7899.0,79.0,,,7897.5,0.0
2,99600,CHOCOLATE,7899,64,7898.0,79.0,,,7900,143,,,,,7899.5,0.0
2,99700,CHOCOLATE,7897,101,,,,,7899,101,,,,,7898.0,0.0
2,99800,CHOCOLATE,7898,103,,,,,7899,52,7900.0,51.0,,,7898.5,0.0
2,99900,CHOCOLATE,7898,102,,,,,7900,102,,,,,7899.0,0.0
2,100000,CHOCOLATE,7898,129,,,,,7900,129,,,,,7899.0,0.0
2,100100,CHOCOLATE,7898,96,,,,,7900,96,,,,,7899.0,0.0
2,100200,CHOCOLATE,7899,64,7898.0,59.0,,,7900,123,,,,,7899.5,0.0
2,100300,CHOCOLATE,7899,36,7898.0,56.0,,,7900,92,,,,,7899.5,0.0
2,100400,CHOCOLATE,7900,120,,,,,7902,120,,,,,7901.0,0.0
2,100500,CHOCOLATE,7899,45,7898.0,54.0,,,7900,45,7901.0,54.0,,,7899.5,0.0
2,100600,CHOCOLATE,7898,61,7897.0,63.0,,,7899,124,,,,,7898.5,0.0
2,100700,CHOCOLATE,7899,53,7898.0,85.0,,,7900,44,7901.0,85.0,,,7899.5,0.0
2,100800,CHOCOLATE,7900,136,,,,,7902,136,,,,,7901.0,0.0
2,100900,CHOCOLATE,7900,123,,,,,7902,123,,,,,7901.0,0.0
2,101000,CHOCOLATE,7900,40,7899.0,71.0,,,7901,40,7902.0,71.0,,,7900.5,0.0
2,101100,CHOCOLATE,7897,110,,,,,7899,110,,,,,7898.0,0.0
2,101200,CHOCOLATE,7898,135,,,,,7899,37,7900.0,98.0,,,7898.5,0.0
2,101300,CHOCOLATE,7897,145,,,,,7899,145,,,,,7898.0,0.0
2,101400,CHOCOLATE,7900,55,7899.0,67.0,,,7901,55,7902.0,67.0,,,7900.5,0.0
2,101500,CHOCOLATE,7901,48,7900.0,53.0,,,7902,101,,,,,7901.5,0.0
2,101600,CHOCOLATE,7902,86,,,,,7903,35,7904.0,51.0,,,7902.5,0.0
2,101700,CHOCOLATE,7902,130,,,,,7904,130,,,,,7903.0,0.0
2,101800,CHOCOLATE,7901,101,,,,,7902,50,7903.0,51.0,,,7901.5,0.0
2,101900,CHOCOLATE,7903,46,7902.0,64.0,,,7904,110,,,,,7903.5,0.0
2,102000,CHOCOLATE,7903,48,7902.0,65.0,,,7904,113,,,,,7903.5,0.0
2,102100,CHOCOLATE,7904,42,7903.0,84.0,,,7905,126,,,,,7904.5,0.0
2,102200,CHOCOLATE,7902,150,,,,,7904,150,,,,,7903.0,0.0
2,102300,CHOCOLATE,7904,56,7903.0,82.0,,,7905,138,,,,,7904.5,0.0
2,102400,CHOCOLATE,7902,135,,,,,7904,135,,,,,7903.0,0.0
2,102500,CHOCOLATE,7902,37,7901.0,96.0,,,7903,37,7904.0,96.0,,,7902.5,0.0
2,102600,CHOCOLATE,7900,137,,,,,7902,137,,,,,7901.0,0.0
2,102700,CHOCOLATE,7901,44,7900.0,50.0,,,7902,94,,,,,7901.5,0.0
2,102800,CHOCOLATE,7900,132,,,,,7902,132,,,,,7901.0,0.0
2,102900,CHOCOLATE,7898,114,,,,,7900,114,,,,,7899.0,0.0
2,103000,CHOCOLATE,7899,117,,,,,7901,117,,,,,7900.0,0.0
2,103100,CHOCOLATE,7898,153,,,,,7899,53,7900.0,100.0,,,7898.5,0.0
2,103200,CHOCOLATE,7897,128,,,,,7899,128,,,,,7898.0,0.0
2,103300,CHOCOLATE,7898,42,7897.0,85.0,,,7899,38,7900.0,85.0,,,7898.5,0.0
2,103400,CHOCOLATE,7898,137,,,,,7899,43,7900.0,94.0,,,7898.5,0.0
2,103500,CHOCOLATE,7896,130,,,,,7898,130,,,,,7897.0,0.0
2,103600,CHOCOLATE,7897,37,7896.0,82.0,,,7898,119,,,,,7897.5,0.0
2,103700,CHOCOLATE,7896,60,7895.0,61.0,,,7897,60,7898.0,61.0,,,7896.5,0.0
2,103800,CHOCOLATE,7897,42,7896.0,87.0,,,7898,42,7899.0,87.0,,,7897.5,0.0
2,103900,CHOCOLATE,7896,123,,,,,7898,123,,,,,7897.0,0.0
2,104000,CHOCOLATE,7895,36,7894.0,96.0,,,7896,132,,,,,7895.5,0.0
2,104100,CHOCOLATE,7894,131,,,,,7896,131,,,,,7895.0,0.0
2,104200,CHOCOLATE,7893,130,,,,,7895,130,,,,,7894.0,0.0
2,104300,CHOCOLATE,7894,61,7893.0,98.0,,,7895,61,7896.0,98.0,,,7894.5,0.0
2,104400,CHOCOLATE,7895,110,,,,,7897,110,,,,,7896.0,0.0
2,104500,CHOCOLATE,7896,36,7895.0,93.0,,,7897,129,,,,,7896.5,0.0
2,104600,CHOCOLATE,7895,118,,,,,7897,118,,,,,7896.0,0.0
2,104700,CHOCOLATE,7896,122,,,,,7897,65,7898.0,57.0,,,7896.5,0.0
2,104800,CHOCOLATE,7895,111,,,,,7897,111,,,,,7896.0,0.0
2,104900,CHOCOLATE,7895,159,,,,,7896,65,7897.0,94.0,,,7895.5,0.0
2,105000,CHOCOLATE,7892,50,7891.0,77.0,,,7893,50,7894.0,77.0,,,7892.5,0.0
2,105100,CHOCOLATE,7893,110,,,,,7895,116,,,,,7894.0,0.0
2,105200,CHOCOLATE,7894,50,7893.0,71.0,,,7895,50,7896.0,71.0,,,7894.5,0.0
2,105300,CHOCOLATE,7893,107,,,,,7895,107,,,,,7894.0,0.0
2,105400,CHOCOLATE,7893,115,,,,,7895,115,,,,,7894.0,0.0
2,105500,CHOCOLATE,7893,116,,,,,7895,116,,,,,7894.0,0.0
2,105600,CHOCOLATE,7892,39,7891.0,88.0,,,7893,127,,,,,7892.5,0.0
2,105700,CHOCOLATE,7892,128,,,,,7894,128,,,,,7893.0,0.0
2,105800,CHOCOLATE,7892,48,7891.0,56.0,,,7893,104,,,,,7892.5,0.0
2,105900,CHOCOLATE,7892,99,,,,,7894,99,,,,,7893.0,0.0
2,106000,CHOCOLATE,7893,35,7892.0,66.0,,,7894,101,,,,,7893.5,0.0
2,106100,CHOCOLATE,7892,133,,,,,7893,47,7894.0,81.0,,,7892.5,0.0
2,106200,CHOCOLATE,7892,43,7891.0,86.0,,,7893,129,,,,,7892.5,0.0
2,106300,CHOCOLATE,7891,63,7890.0,62.0,,,7892,63,7893.0,62.0,,,7891.5,0.0
2,106400,CHOCOLATE,7891,46,7890.0,64.0,,,7892,46,7893.0,64.0,,,7891.5,0.0
2,106500,CHOCOLATE,7891,153,,,,,7893,153,,,,,7892.0,0.0
2,106600,CHOCOLATE,7892,53,7891.0,88.0,,,7893,141,,,,,7892.5,0.0
2,106700,CHOCOLATE,7891,60,7890.0,73.0,,,7892,133,,,,,7891.5,0.0
2,106800,CHOCOLATE,7892,50,7891.0,92.0,,,7893,142,,,,,7892.5,0.0
2,106900,CHOCOLATE,7891,132,,,,,7892,62,7893.0,70.0,,,7891.5,0.0
2,107000,CHOCOLATE,7892,125,,,,,7894,125,,,,,7893.0,0.0
2,107100,CHOCOLATE,7892,35,7891.0,60.0,,,7893,35,7894.0,60.0,,,7892.5,0.0
2,107200,CHOCOLATE,7892,120,,,,,7893,53,7894.0,67.0,,,7892.5,0.0
2,107300,CHOCOLATE,7893,155,,,,,7894,62,7895.0,93.0,,,7893.5,0.0
2,107400,CHOCOLATE,7892,133,,,,,7893,45,7894.0,88.0,,,7892.5,0.0
2,107500,CHOCOLATE,7892,113,,,,,7893,36,7894.0,77.0,,,7892.5,0.0
2,107600,CHOCOLATE,7891,148,,,,,7893,148,,,,,7892.0,0.0
2,107700,CHOCOLATE,7894,99,,,,,7895,35,7896.0,64.0,,,7894.5,0.0
2,107800,CHOCOLATE,7894,111,,,,,7895,47,7896.0,64.0,,,7894.5,0.0
2,107900,CHOCOLATE,7897,45,7896.0,100.0,,,7898,45,7899.0,100.0,,,7897.5,0.0
2,108000,CHOCOLATE,7898,110,,,,,7900,110,,,,,7899.0,0.0
2,108100,CHOCOLATE,7899,134,,,,,7900,46,7901.0,88.0,,,7899.5,0.0
2,108200,CHOCOLATE,7900,57,7899.0,79.0,,,7901,57,7902.0,79.0,,,7900.5,0.0
2,108300,CHOCOLATE,7901,112,,,,,7903,112,,,,,7902.0,0.0
2,108400,CHOCOLATE,7901,117,,,,,7902,39,7903.0,78.0,,,7901.5,0.0
2,108500,CHOCOLATE,7902,53,7901.0,91.0,,,7903,144,,,,,7902.5,0.0
2,108600,CHOCOLATE,7902,118,,,,,7903,47,7904.0,71.0,,,7902.5,0.0
2,108700,CHOCOLATE,7902,52,7901.0,74.0,,,7903,126,,,,,7902.5,0.0
2,108800,CHOCOLATE,7901,36,7900.0,87.0,,,7902,36,7903.0,87.0,,,7901.5,0.0
2,108900,CHOCOLATE,7900,131,,,,,7902,131,,,,,7901.0,0.0
2,109000,CHOCOLATE,7898,48,7897.0,95.0,,,7899,143,,,,,7898.5,0.0
2,109100,CHOCOLATE,7897,103,,,,,7899,103,,,,,7898.0,0.0
2,109200,CHOCOLATE,7898,90,,,,,7900,90,,,,,7899.0,0.0
2,109300,CHOCOLATE,7898,53,7897.0,51.0,,,7899,104,,,,,7898.5,0.0
2,109400,CHOCOLATE,7898,129,,,,,7900,129,,,,,7899.0,0.0
2,109500,CHOCOLATE,7898,135,,,,,7900,135,,,,,7899.0,0.0
2,109600,CHOCOLATE,7899,55,7898.0,51.0,,,7900,106,,,,,7899.5,0.0
2,109700,CHOCOLATE,7899,142,,,,,7901,142,,,,,7900.0,0.0
2,109800,CHOCOLATE,7900,122,,,,,7901,39,7902.0,83.0,,,7900.5,0.0
2,109900,CHOCOLATE,7900,49,7899.0,61.0,,,7901,110,,,,,7900.5,0.0
2,110000,CHOCOLATE,7901,149,,,,,7903,149,,,,,7902.0,0.0
2,110100,CHOCOLATE,7900,144,,,,,7902,144,,,,,7901.0,0.0
2,110200,CHOCOLATE,7902,52,7901.0,59.0,,,7903,111,,,,,7902.5,0.0
2,110300,CHOCOLATE,7902,121,,,,,7904,121,,,,,7903.0,0.0
2,110400,CHOCOLATE,7903,103,,,,,7905,103,,,,,7904.0,0.0
2,110500,CHOCOLATE,7902,124,,,,,7904,124,,,,,7903.0,0.0
2,110600,CHOCOLATE,7904,44,7903.0,67.0,,,7905,111,,,,,7904.5,0.0
2,110700,CHOCOLATE,7903,131,,,,,7905,131,,,,,7904.0,0.0
2,110800,CHOCOLATE,7904,152,,,,,7905,62,7906.0,90.0,,,7904.5,0.0
2,110900,CHOCOLATE,7903,50,7902.0,100.0,,,7904,150,,,,,7903.5,0.0
2,111000,CHOCOLATE,7905,119,,,,,7906,58,7907.0,61.0,,,7905.5,0.0
2,111100,CHOCOLATE,7905,153,,,,,7906,65,7907.0,88.0,,,7905.5,0.0
2,111200,CHOCOLATE,7906,62,7905.0,60.0,,,7907,122,,,,,7906.5,0.0
2,111300,CHOCOLATE,7908,37,7907.0,62.0,,,7909,99,,,,,7908.5,0.0
2,111400,CHOCOLATE,7907,42,7906.0,62.0,,,7908,104,,,,,7907.5,0.0
2,111500,CHOCOLATE,7907,63,7906.0,65.0,,,7908,128,,,,,7907.5,0.0
2,111600,CHOCOLATE,7906,48,7905.0,89.0,,,7907,137,,,,,7906.5,0.0
2,111700,CHOCOLATE,7904,109,,,,,7905,9,7906.0,109.0,,,7904.5,0.0
2,111800,CHOCOLATE,7904,131,,,,,7905,41,7906.0,90.0,,,7904.5,0.0
2,111900,CHOCOLATE,7903,129,,,,,7905,129,,,,,7904.0,0.0
2,112000,CHOCOLATE,7902,63,7901.0,85.0,,,7903,148,,,,,7902.5,0.0
2,112100,CHOCOLATE,7902,137,,,,,7904,137,,,,,7903.0,0.0
2,112200,CHOCOLATE,7902,121,,,,,7903,36,7904.0,85.0,,,7902.5,0.0
2,112300,CHOCOLATE,7900,116,,,,,7902,116,,,,,7901.0,0.0
2,112400,CHOCOLATE,7900,132,,,,,7902,132,,,,,7901.0,0.0
2,112500,CHOCOLATE,7901,60,7900.0,59.0,,,7902,60,7903.0,59.0,,,7901.5,0.0
2,112600,CHOCOLATE,7901,64,7900.0,60.0,,,7902,64,7903.0,60.0,,,7901.5,0.0
2,112700,CHOCOLATE,7900,122,,,,,7902,122,,,,,7901.0,0.0
2,112800,CHOCOLATE,7899,105,,,,,7901,105,,,,,7900.0,0.0
2,112900,CHOCOLATE,7899,121,,,,,7900,58,7901.0,63.0,,,7899.5,0.0
2,113000,CHOCOLATE,7898,129,,,,,7900,129,,,,,7899.0,0.0
2,113100,CHOCOLATE,7899,116,,,,,7901,116,,,,,7900.0,0.0
2,113200,CHOCOLATE,7899,94,,,,,7901,94,,,,,7900.0,0.0
2,113300,CHOCOLATE,7899,127,,,,,7900,38,7901.0,89.0,,,7899.5,0.0
2,113400,CHOCOLATE,7898,150,,,,,7900,150,,,,,7899.0,0.0
2,113500,CHOCOLATE,7898,47,7897.0,91.0,,,7899,138,,,,,7898.5,0.0
2,113600,CHOCOLATE,7898,36,7897.0,55.0,,,7899,91,,,,,7898.5,0.0
2,113700,CHOCOLATE,7897,62,7896.0,72.0,,,7898,134,,,,,7897.5,0.0
2,113800,CHOCOLATE,7897,104,,,,,7898,46,7899.0,58.0,,,7897.5,0.0
2,113900,CHOCOLATE,7895,116,,,,,7897,116,,,,,7896.0,0.0
2,114000,CHOCOLATE,7895,109,,,,,7897,109,,,,,7896.0,0.0
2,114100,CHOCOLATE,7895,151,,,,,7896,64,7897.0,87.0,,,7895.5,0.0
2,114200,CHOCOLATE,7892,154,,,,,7894,154,,,,,7893.0,0.0
2,114300,CHOCOLATE,7891,49,7890.0,75.0,,,7892,49,7893.0,75.0,,,7891.5,0.0
2,114400,CHOCOLATE,7891,114,,,,,7892,47,7893.0,67.0,,,7891.5,0.0
2,114500,CHOCOLATE,7892,52,7891.0,59.0,,,7893,52,7894.0,59.0,,,7892.5,0.0
2,114600,CHOCOLATE,7892,46,7891.0,90.0,,,7893,136,,,,,7892.5,0.0
2,114700,CHOCOLATE,7892,155,,,,,7893,58,7894.0,97.0,,,7892.5,0.0
2,114800,CHOCOLATE,7893,114,,,,,7894,56,7895.0,58.0,,,7893.5,0.0
2,114900,CHOCOLATE,7893,116,,,,,7895,116,,,,,7894.0,0.0
2,115000,CHOCOLATE,7892,142,,,,,7893,50,7894.0,92.0,,,7892.5,0.0
2,115100,CHOCOLATE,7893,118,,,,,7895,118,,,,,7894.0,0.0
2,115200,CHOCOLATE,7894,41,7893.0,88.0,,,7895,41,7896.0,88.0,,,7894.5,0.0
2,115300,CHOCOLATE,7894,112,,,,,7895,39,7896.0,73.0,,,7894.5,0.0
2,115400,CHOCOLATE,7895,146,,,,,7897,146,,,,,7896.0,0.0
2,115500,CHOCOLATE,7897,10,7896.0,105.0,,,7898,105,,,,,7897.5,0.0
2,115600,CHOCOLATE,7895,135,,,,,7897,135,,,,,7896.0,0.0
2,115700,CHOCOLATE,7896,49,7895.0,81.0,,,7897,130,,,,,7896.5,0.0
2,115800,CHOCOLATE,7894,124,,,,,7896,124,,,,,7895.0,0.0
2,115900,CHOCOLATE,7895,60,7894.0,61.0,,,7896,121,,,,,7895.5,0.0
2,116000,CHOCOLATE,7894,143,,,,,7895,47,7896.0,96.0,,,7894.5,0.0
2,116100,CHOCOLATE,7894,59,7893.0,88.0,,,7895,147,,,,,7894.5,0.0
2,116200,CHOCOLATE,7894,124,,,,,7896,124,,,,,7895.0,0.0
2,116300,CHOCOLATE,7897,60,7896.0,88.0,,,7898,148,,,,,7897.5,0.0
2,116400,CHOCOLATE,7898,42,7897.0,89.0,,,7899,131,,,,,7898.5,0.0
2,116500,CHOCOLATE,7896,119,,,,,7898,119,,,,,7897.0,0.0
2,116600,CHOCOLATE,7896,41,7895.0,59.0,,,7897,41,7898.0,59.0,,,7896.5,0.0
2,116700,CHOCOLATE,7896,110,,,,,7898,110,,,,,7897.0,0.0
2,116800,CHOCOLATE,7896,87,,,,,7898,87,,,,,7897.0,0.0
2,116900,CHOCOLATE,7895,65,7894.0,73.0,,,7896,138,,,,,7895.5,0.0
2,117000,CHOCOLATE,7893,122,,,,,7894,63,7895.0,59.0,,,7893.5,0.0
2,117100,CHOCOLATE,7894,47,7893.0,62.0,,,7895,47,7896.0,62.0,,,7894.5,0.0
2,117200,CHOCOLATE,7895,121,,,,,7897,121,,,,,7896.0,0.0
2,117300,CHOCOLATE,7897,41,7896.0,84.0,,,7898,125,,,,,7897.5,0.0
2,117400,CHOCOLATE,7898,7,7897.0,153.0,,,7899,153,,,,,7898.5,0.0
2,117500,CHOCOLATE,7897,123,,,,,7898,35,7899.0,88.0,,,7897.5,0.0
2,117600,CHOCOLATE,7898,48,7897.0,97.0,,,7899,145,,,,,7898.5,0.0
2,117700,CHOCOLATE,7897,161,,,,,7899,161,,,,,7898.0,0.0
2,117800,CHOCOLATE,7898,132,,,,,7900,132,,,,,7899.0,0.0
2,117900,CHOCOLATE,7899,108,,,,,7900,50,7901.0,58.0,,,7899.5,0.0
2,118000,CHOCOLATE,7901,102,,,,,7903,102,,,,,7902.0,0.0
2,118100,CHOCOLATE,7903,5,7902.0,137.0,,,7904,137,,,,,7903.5,0.0
2,118200,CHOCOLATE,7902,42,7901.0,63.0,,,7903,42,7904.0,63.0,,,7902.5,0.0
2,118300,CHOCOLATE,7901,39,7900.0,63.0,,,7902,39,7903.0,63.0,,,7901.5,0.0
2,118400,CHOCOLATE,7900,61,7899.0,93.0,,,7901,61,7902.0,93.0,,,7900.5,0.0
2,118500,CHOCOLATE,7901,124,,,,,7902,43,7903.0,81.0,,,7901.5,0.0
2,118600,CHOCOLATE,7902,56,7901.0,77.0,,,7903,133,,,,,7902.5,0.0
2,118700,CHOCOLATE,7900,65,7899.0,67.0,,,7901,132,,,,,7900.5,0.0
2,118800,CHOCOLATE,7902,139,,,,,7903,39,7904.0,100.0,,,7902.5,0.0
2,118900,CHOCOLATE,7904,61,7903.0,99.0,,,7905,61,7906.0,99.0,,,7904.5,0.0
2,119000,CHOCOLATE,7906,139,,,,,7908,139,,,,,7907.0,0.0
2,119100,CHOCOLATE,7906,122,,,,,7908,122,,,,,7907.0,0.0
2,119200,CHOCOLATE,7906,108,,,,,7907,49,7908.0,59.0,,,7906.5,0.0
2,119300,CHOCOLATE,7905,59,7904.0,65.0,,,7906,59,7907.0,65.0,,,7905.5,0.0
2,119400,CHOCOLATE,7905,162,,,,,7906,65,7907.0,97.0,,,7905.5,0.0
2,119500,CHOCOLATE,7905,135,,,,,7906,61,7907.0,74.0,,,7905.5,0.0
2,119600,CHOCOLATE,7905,164,,,,,7906,65,7907.0,99.0,,,7905.5,0.0
2,119700,CHOCOLATE,7904,128,,,,,7906,128,,,,,7905.0,0.0
2,119800,CHOCOLATE,7906,124,,,,,7908,124,,,,,7907.0,0.0
2,119900,CHOCOLATE,7906,127,,,,,7907,64,7908.0,63.0,,,7906.5,0.0
2,120000,CHOCOLATE,7906,97,,,,,7908,97,,,,,7907.0,0.0
2,120100,CHOCOLATE,7907,136,,,,,7909,136,,,,,7908.0,0.0
2,120200,CHOCOLATE,7908,158,,,,,7910,158,,,,,7909.0,0.0
2,120300,CHOCOLATE,7908,116,,,,,7910,116,,,,,7909.0,0.0
2,120400,CHOCOLATE,7909,136,,,,,7911,136,,,,,7910.0,0.0
2,120500,CHOCOLATE,7909,154,,,,,7911,154,,,,,7910.0,0.0
2,120600,CHOCOLATE,7909,106,,,,,7910,50,7911.0,56.0,,,7909.5,0.0
2,120700,CHOCOLATE,7909,116,,,,,7911,116,,,,,7910.0,0.0
2,120800,CHOCOLATE,7909,52,7908.0,85.0,,,7910,137,,,,,7909.5,0.0
2,120900,CHOCOLATE,7907,124,,,,,7908,45,7909.0,89.0,,,7907.5,0.0
2,121000,CHOCOLATE,7906,113,,,,,7908,113,,,,,7907.0,0.0
2,121100,CHOCOLATE,7906,132,,,,,7907,36,7908.0,96.0,,,7906.5,0.0
2,121200,CHOCOLATE,7905,45,7904.0,84.0,,,7906,45,7907.0,84.0,,,7905.5,0.0
2,121300,CHOCOLATE,7905,35,7904.0,73.0,,,7906,108,,,,,7905.5,0.0
2,121400,CHOCOLATE,7904,136,,,,,7906,136,,,,,7905.0,0.0
2,121500,CHOCOLATE,7906,57,7905.0,89.0,,,7907,57,7908.0,89.0,,,7906.5,0.0
2,121600,CHOCOLATE,7906,144,,,,,7907,60,7908.0,84.0,,,7906.5,0.0
2,121700,CHOCOLATE,7906,122,,,,,7908,122,,,,,7907.0,0.0
2,121800,CHOCOLATE,7907,51,7906.0,70.0,,,7908,121,,,,,7907.5,0.0
2,121900,CHOCOLATE,7906,64,7905.0,61.0,,,7907,125,,,,,7906.5,0.0
2,122000,CHOCOLATE,7904,136,,,,,7906,136,,,,,7905.0,0.0
2,122100,CHOCOLATE,7905,63,7904.0,64.0,,,7906,127,,,,,7905.5,0.0
2,122200,CHOCOLATE,7904,56,7903.0,68.0,,,7905,124,,,,,7904.5,0.0
2,122300,CHOCOLATE,7904,127,,,,,7906,127,,,,,7905.0,0.0
2,122400,CHOCOLATE,7903,54,7902.0,68.0,,,7904,122,,,,,7903.5,0.0
2,122500,CHOCOLATE,7903,45,7902.0,87.0,,,7904,132,,,,,7903.5,0.0
2,122600,CHOCOLATE,7902,40,7901.0,82.0,,,7903,40,7904.0,82.0,,,7902.5,0.0
2,122700,CHOCOLATE,7901,137,,,,,7902,38,7903.0,99.0,,,7901.5,0.0
2,122800,CHOCOLATE,7904,48,7903.0,100.0,,,7905,148,,,,,7904.5,0.0
2,122900,CHOCOLATE,7904,110,,,,,7905,42,7906.0,68.0,,,7904.5,0.0
2,123000,CHOCOLATE,7904,146,,,,,7906,146,,,,,7905.0,0.0
2,123100,CHOCOLATE,7904,144,,,,,7905,51,7906.0,93.0,,,7904.5,0.0
2,123200,CHOCOLATE,7904,120,,,,,7906,120,,,,,7905.0,0.0
2,123300,CHOCOLATE,7902,42,7901.0,58.0,,,7903,100,,,,,7902.5,0.0
2,123400,CHOCOLATE,7900,151,,,,,7902,151,,,,,7901.0,0.0
2,123500,CHOCOLATE,7900,108,,,,,7902,108,,,,,7901.0,0.0
2,123600,CHOCOLATE,7900,63,7899.0,76.0,,,7901,139,,,,,7900.5,0.0
2,123700,CHOCOLATE,7898,147,,,,,7900,147,,,,,7899.0,0.0
2,123800,CHOCOLATE,7898,101,,,,,7900,101,,,,,7899.0,0.0
2,123900,CHOCOLATE,7895,160,,,,,7897,160,,,,,7896.0,0.0
2,124000,CHOCOLATE,7895,149,,,,,7897,149,,,,,7896.0,0.0
2,124100,CHOCOLATE,7894,122,,,,,7895,41,7896.0,81.0,,,7894.5,0.0
2,124200,CHOCOLATE,7895,140,,,,,7897,140,,,,,7896.0,0.0
2,124300,CHOCOLATE,7897,110,,,,,7898,54,7899.0,66.0,,,7897.5,0.0
2,124400,CHOCOLATE,7898,134,,,,,7900,134,,,,,7899.0,0.0
2,124500,CHOCOLATE,7898,41,7897.0,84.0,,,7899,41,7900.0,84.0,,,7898.5,0.0
2,124600,CHOCOLATE,7898,124,,,,,7899,60,7900.0,64.0,,,7898.5,0.0
2,124700,CHOCOLATE,7897,135,,,,,7899,135,,,,,7898.0,0.0
2,124800,CHOCOLATE,7896,114,,,,,7898,114,,,,,7897.0,0.0
2,124900,CHOCOLATE,7896,87,,,,,7898,87,,,,,7897.0,0.0
2,125000,CHOCOLATE,7896,113,,,,,7898,113,,,,,7897.0,0.0
2,125100,CHOCOLATE,7897,61,7896.0,71.0,,,7898,61,7899.0,71.0,,,7897.5,0.0
2,125200,CHOCOLATE,7897,53,7896.0,84.0,,,7898,53,7899.0,84.0,,,7897.5,0.0
2,125300,CHOCOLATE,7896,111,,,,,7898,111,,,,,7897.0,0.0
2,125400,CHOCOLATE,7896,138,,,,,7898,138,,,,,7897.0,0.0
2,125500,CHOCOLATE,7895,102,,,,,7897,102,,,,,7896.0,0.0
2,125600,CHOCOLATE,7896,49,7895.0,79.0,,,7897,49,7898.0,79.0,,,7896.5,0.0
2,125700,CHOCOLATE,7895,40,7894.0,70.0,,,7896,40,7897.0,70.0,,,7895.5,0.0
2,125800,CHOCOLATE,7896,64,7895.0,93.0,,,7897,157,,,,,7896.5,0.0
2,125900,CHOCOLATE,7895,132,,,,,7896,53,7897.0,79.0,,,7895.5,0.0
2,126000,CHOCOLATE,7895,134,,,,,7897,134,,,,,7896.0,0.0
2,126100,CHOCOLATE,7897,59,7896.0,58.0,,,7898,117,,,,,7897.5,0.0
2,126200,CHOCOLATE,7899,112,,,,,7900,48,7901.0,64.0,,,7899.5,0.0
2,126300,CHOCOLATE,7898,55,7897.0,53.0,,,7899,55,7900.0,53.0,,,7898.5,0.0
2,126400,CHOCOLATE,7896,108,,,,,7898,108,,,,,7897.0,0.0
2,126500,CHOCOLATE,7896,58,7895.0,65.0,,,7897,123,,,,,7896.5,0.0
2,126600,CHOCOLATE,7895,115,,,,,7897,115,,,,,7896.0,0.0
2,126700,CHOCOLATE,7895,97,,,,,7897,97,,,,,7896.0,0.0
2,126800,CHOCOLATE,7895,93,,,,,7897,93,,,,,7896.0,0.0
2,126900,CHOCOLATE,7896,44,7895.0,87.0,,,7897,131,,,,,7896.5,0.0
2,127000,CHOCOLATE,7896,53,7895.0,89.0,,,7897,142,,,,,7896.5,0.0
2,127100,CHOCOLATE,7896,153,,,,,7898,153,,,,,7897.0,0.0
2,127200,CHOCOLATE,7897,150,,,,,7899,150,,,,,7898.0,0.0
2,127300,CHOCOLATE,7898,145,,,,,7899,62,7900.0,93.0,,,7898.5,0.0
2,127400,CHOCOLATE,7898,142,,,,,7899,43,7900.0,99.0,,,7898.5,0.0
2,127500,CHOCOLATE,7899,134,,,,,7901,134,,,,,7900.0,0.0
2,127600,CHOCOLATE,7900,137,,,,,7902,137,,,,,7901.0,0.0
2,127700,CHOCOLATE,7900,143,,,,,7902,143,,,,,7901.0,0.0
2,127800,CHOCOLATE,7899,103,,,,,7900,50,7901.0,53.0,,,7899.5,0.0
2,127900,CHOCOLATE,7897,103,,,,,7899,103,,,,,7898.0,0.0
2,128000,CHOCOLATE,7897,102,,,,,7899,102,,,,,7898.0,0.0
2,128100,CHOCOLATE,7898,69,7897.0,52.0,,,7899,64,7900.0,52.0,,,7898.5,0.0
2,128200,CHOCOLATE,7898,48,7897.0,60.0,,,7899,108,,,,,7898.5,0.0
2,128300,CHOCOLATE,7899,42,7898.0,79.0,,,7900,121,,,,,7899.5,0.0
2,128400,CHOCOLATE,7898,120,,,,,7900,120,,,,,7899.0,0.0
2,128500,CHOCOLATE,7899,42,7898.0,99.0,,,7900,141,,,,,7899.5,0.0
2,128600,CHOCOLATE,7898,118,,,,,7899,46,7900.0,72.0,,,7898.5,0.0
2,128700,CHOCOLATE,7897,143,,,,,7898,57,7899.0,86.0,,,7897.5,0.0
2,128800,CHOCOLATE,7896,127,,,,,7898,127,,,,,7897.0,0.0
2,128900,CHOCOLATE,7896,132,,,,,7898,132,,,,,7897.0,0.0
2,129000,CHOCOLATE,7896,38,7895.0,64.0,,,7897,107,,,,,7896.5,0.0
2,129100,CHOCOLATE,7895,57,7894.0,76.0,,,7896,57,7897.0,76.0,,,7895.5,0.0
2,129200,CHOCOLATE,7895,146,,,,,7897,146,,,,,7896.0,0.0
2,129300,CHOCOLATE,7896,42,7895.0,76.0,,,7897,42,7898.0,76.0,,,7896.5,0.0
2,129400,CHOCOLATE,7895,107,,,,,7897,107,,,,,7896.0,0.0
2,129500,CHOCOLATE,7896,42,7895.0,80.0,,,7897,122,,,,,7896.5,0.0
2,129600,CHOCOLATE,7895,118,,,,,7896,51,7897.0,67.0,,,7895.5,0.0
2,129700,CHOCOLATE,7895,48,7894.0,77.0,,,7896,125,,,,,7895.5,0.0
2,129800,CHOCOLATE,7895,140,,,,,7897,140,,,,,7896.0,0.0
2,129900,CHOCOLATE,7895,113,,,,,7896,58,7897.0,55.0,,,7895.5,0.0
2,130000,CHOCOLATE,7896,62,7895.0,55.0,,,7897,117,,,,,7896.5,0.0
2,130100,CHOCOLATE,7894,37,7893.0,98.0,,,7895,37,7896.0,98.0,,,7894.5,0.0
2,130200,CHOCOLATE,7894,140,,,,,7896,140,,,,,7895.0,0.0
2,130300,CHOCOLATE,7895,49,7894.0,58.0,,,7896,49,7897.0,58.0,,,7895.5,0.0
2,130400,CHOCOLATE,7895,108,,,,,7897,108,,,,,7896.0,0.0
2,130500,CHOCOLATE,7894,134,,,,,7896,134,,,,,7895.0,0.0
2,130600,CHOCOLATE,7895,36,7894.0,62.0,,,7896,36,7897.0,62.0,,,7895.5,0.0
2,130700,CHOCOLATE,7898,51,7897.0,62.0,,,7899,113,,,,,7898.5,0.0
2,130800,CHOCOLATE,7897,53,7896.0,98.0,,,7898,53,7899.0,98.0,,,7897.5,0.0
2,130900,CHOCOLATE,7895,167,,,,,7897,161,,,,,7896.0,0.0
2,131000,CHOCOLATE,7895,133,,,,,7897,133,,,,,7896.0,0.0
2,131100,CHOCOLATE,7895,149,,,,,7896,65,7897.0,84.0,,,7895.5,0.0
2,131200,CHOCOLATE,7894,106,,,,,7896,106,,,,,7895.0,0.0
2,131300,CHOCOLATE,7893,45,7892.0,100.0,,,7894,45,7895.0,100.0,,,7893.5,0.0
2,131400,CHOCOLATE,7893,108,,,,,7894,37,7895.0,71.0,,,7893.5,0.0
2,131500,CHOCOLATE,7894,65,7893.0,92.0,,,7895,65,7896.0,92.0,,,7894.5,0.0
2,131600,CHOCOLATE,7896,62,7895.0,88.0,,,7897,150,,,,,7896.5,0.0
2,131700,CHOCOLATE,7896,40,7895.0,90.0,,,7897,130,,,,,7896.5,0.0
2,131800,CHOCOLATE,7895,117,,,,,7897,117,,,,,7896.0,0.0
2,131900,CHOCOLATE,7895,50,7894.0,89.0,,,7896,50,7897.0,89.0,,,7895.5,0.0
2,132000,CHOCOLATE,7895,102,,,,,7897,102,,,,,7896.0,0.0
2,132100,CHOCOLATE,7894,138,,,,,7896,138,,,,,7895.0,0.0
2,132200,CHOCOLATE,7893,160,,,,,7894,10,7895.0,160.0,,,7893.5,0.0
2,132300,CHOCOLATE,7892,112,,,,,7894,112,,,,,7893.0,0.0
2,132400,CHOCOLATE,7891,116,,,,,7892,45,7893.0,71.0,,,7891.5,0.0
2,132500,CHOCOLATE,7891,92,,,,,7893,92,,,,,7892.0,0.0
2,132600,CHOCOLATE,7893,120,,,,,7894,63,7895.0,57.0,,,7893.5,0.0
2,132700,CHOCOLATE,7892,50,7891.0,58.0,,,7893,50,7894.0,58.0,,,7892.5,0.0
2,132800,CHOCOLATE,7892,50,7891.0,67.0,,,7893,50,7894.0,67.0,,,7892.5,0.0
2,132900,CHOCOLATE,7891,138,,,,,7893,138,,,,,7892.0,0.0
2,133000,CHOCOLATE,7893,39,7892.0,99.0,,,7894,138,,,,,7893.5,0.0
2,133100,CHOCOLATE,7894,92,,,,,7895,38,7896.0,54.0,,,7894.5,0.0
2,133200,CHOCOLATE,7895,114,,,,,7897,114,,,,,7896.0,0.0
2,133300,CHOCOLATE,7896,158,,,,,7898,158,,,,,7897.0,0.0
2,133400,CHOCOLATE,7896,130,,,,,7898,130,,,,,7897.0,0.0
2,133500,CHOCOLATE,7895,144,,,,,7897,144,,,,,7896.0,0.0
2,133600,CHOCOLATE,7894,35,7893.0,83.0,,,7895,35,7896.0,83.0,,,7894.5,0.0
2,133700,CHOCOLATE,7893,141,,,,,7895,141,,,,,7894.0,0.0
2,133800,CHOCOLATE,7894,55,7893.0,69.0,,,7895,55,7896.0,69.0,,,7894.5,0.0
2,133900,CHOCOLATE,7894,120,,,,,7896,120,,,,,7895.0,0.0
2,134000,CHOCOLATE,7895,69,7894.0,91.0,,,7896,61,7897.0,91.0,,,7895.5,0.0
2,134100,CHOCOLATE,7895,86,,,,,7897,86,,,,,7896.0,0.0
2,134200,CHOCOLATE,7895,57,7894.0,60.0,,,7896,117,,,,,7895.5,0.0
2,134300,CHOCOLATE,7894,49,7893.0,76.0,,,7895,49,7896.0,76.0,,,7894.5,0.0
2,134400,CHOCOLATE,7895,65,7894.0,97.0,,,7896,162,,,,,7895.5,0.0
2,134500,CHOCOLATE,7895,54,7894.0,87.0,,,7896,54,7897.0,87.0,,,7895.5,0.0
2,134600,CHOCOLATE,7895,36,7894.0,88.0,,,7896,124,,,,,7895.5,0.0
2,134700,CHOCOLATE,7894,108,,,,,7895,53,7896.0,55.0,,,7894.5,0.0
2,134800,CHOCOLATE,7894,116,,,,,7895,42,7896.0,74.0,,,7894.5,0.0
2,134900,CHOCOLATE,7893,119,,,,,7895,119,,,,,7894.0,0.0
2,135000,CHOCOLATE,7894,110,,,,,7896,110,,,,,7895.0,0.0
2,135100,CHOCOLATE,7893,147,,,,,7894,49,7895.0,98.0,,,7893.5,0.0
2,135200,CHOCOLATE,7892,64,7891.0,60.0,,,7893,124,,,,,7892.5,0.0
2,135300,CHOCOLATE,7892,135,,,,,7894,135,,,,,7893.0,0.0
2,135400,CHOCOLATE,7891,42,7890.0,73.0,,,7892,115,,,,,7891.5,0.0
2,135500,CHOCOLATE,7889,42,7888.0,60.0,,,7890,42,7891.0,60.0,,,7889.5,0.0
2,135600,CHOCOLATE,7887,118,,,,,7889,118,,,,,7888.0,0.0
2,135700,CHOCOLATE,7886,36,7885.0,70.0,,,7887,36,7888.0,70.0,,,7886.5,0.0
2,135800,CHOCOLATE,7887,111,,,,,7888,57,7889.0,54.0,,,7887.5,0.0
2,135900,CHOCOLATE,7889,47,7888.0,59.0,,,7890,106,,,,,7889.5,0.0
2,136000,CHOCOLATE,7891,38,7890.0,68.0,,,7892,106,,,,,7891.5,0.0
2,136100,CHOCOLATE,7891,105,,,,,7893,105,,,,,7892.0,0.0
2,136200,CHOCOLATE,7891,52,7890.0,99.0,,,7892,151,,,,,7891.5,0.0
2,136300,CHOCOLATE,7892,143,,,,,7894,143,,,,,7893.0,0.0
2,136400,CHOCOLATE,7892,61,7891.0,95.0,,,7893,61,7894.0,95.0,,,7892.5,0.0
2,136500,CHOCOLATE,7893,45,7892.0,58.0,,,7894,45,7895.0,58.0,,,7893.5,0.0
2,136600,CHOCOLATE,7893,55,7892.0,54.0,,,7894,109,,,,,7893.5,0.0
2,136700,CHOCOLATE,7893,106,,,,,7894,41,7895.0,65.0,,,7893.5,0.0
2,136800,CHOCOLATE,7894,63,7893.0,86.0,,,7895,63,7896.0,86.0,,,7894.5,0.0
2,136900,CHOCOLATE,7894,113,,,,,7895,47,7896.0,66.0,,,7894.5,0.0
2,137000,CHOCOLATE,7896,127,,,,,7897,4,7898.0,127.0,,,7896.5,0.0
2,137100,CHOCOLATE,7897,55,7896.0,72.0,,,7898,127,,,,,7897.5,0.0
2,137200,CHOCOLATE,7897,45,7896.0,73.0,,,7898,45,7899.0,73.0,,,7897.5,0.0
2,137300,CHOCOLATE,7897,48,7896.0,72.0,,,7898,120,,,,,7897.5,0.0
2,137400,CHOCOLATE,7895,47,7894.0,62.0,,,7896,109,,,,,7895.5,0.0
2,137500,CHOCOLATE,7895,118,,,,,7897,118,,,,,7896.0,0.0
2,137600,CHOCOLATE,7897,44,7896.0,81.0,,,7898,44,7899.0,81.0,,,7897.5,0.0
2,137700,CHOCOLATE,7897,45,7896.0,53.0,,,7898,98,,,,,7897.5,0.0
2,137800,CHOCOLATE,7896,45,7895.0,78.0,,,7897,123,,,,,7896.5,0.0
2,137900,CHOCOLATE,7896,51,7895.0,97.0,,,7897,148,,,,,7896.5,0.0
2,138000,CHOCOLATE,7896,58,7895.0,74.0,,,7897,122,,,,,7896.5,0.0
2,138100,CHOCOLATE,7897,41,7896.0,73.0,,,7898,114,,,,,7897.5,0.0
2,138200,CHOCOLATE,7896,126,,,,,7897,53,7898.0,73.0,,,7896.5,0.0
2,138300,CHOCOLATE,7896,132,,,,,7898,132,,,,,7897.0,0.0
2,138400,CHOCOLATE,7897,104,,,,,7899,104,,,,,7898.0,0.0
2,138500,CHOCOLATE,7897,144,,,,,7899,144,,,,,7898.0,0.0
2,138600,CHOCOLATE,7899,58,7898.0,90.0,,,7900,58,7901.0,90.0,,,7899.5,0.0
2,138700,CHOCOLATE,7900,147,,,,,7902,147,,,,,7901.0,0.0
2,138800,CHOCOLATE,7901,48,7900.0,59.0,,,7902,107,,,,,7901.5,0.0
2,138900,CHOCOLATE,7900,114,,,,,7901,38,7902.0,76.0,,,7900.5,0.0
2,139000,CHOCOLATE,7901,57,7900.0,61.0,,,7902,57,7903.0,61.0,,,7901.5,0.0
2,139100,CHOCOLATE,7899,148,,,,,7901,148,,,,,7900.0,0.0
2,139200,CHOCOLATE,7899,117,,,,,7901,117,,,,,7900.0,0.0
2,139300,CHOCOLATE,7898,95,,,,,7900,100,,,,,7899.0,0.0
2,139400,CHOCOLATE,7897,113,,,,,7898,51,7899.0,62.0,,,7897.5,0.0
2,139500,CHOCOLATE,7897,41,7896.0,61.0,,,7898,102,,,,,7897.5,0.0
2,139600,CHOCOLATE,7896,136,,,,,7898,136,,,,,7897.0,0.0
2,139700,CHOCOLATE,7896,39,7895.0,84.0,,,7897,123,,,,,7896.5,0.0
2,139800,CHOCOLATE,7896,106,,,,,7897,42,7898.0,64.0,,,7896.5,0.0
2,139900,CHOCOLATE,7898,65,7897.0,74.0,,,7899,65,7900.0,74.0,,,7898.5,0.0
2,140000,CHOCOLATE,7899,43,7898.0,52.0,,,7900,95,,,,,7899.5,0.0
2,140100,CHOCOLATE,7899,113,,,,,7901,113,,,,,7900.0,0.0
2,140200,CHOCOLATE,7901,133,,,,,7902,51,7903.0,82.0,,,7901.5,0.0
2,140300,CHOCOLATE,7899,52,7898.0,56.0,,,7900,52,7901.0,56.0,,,7899.5,0.0
2,140400,CHOCOLATE,7899,122,,,,,7901,122,,,,,7900.0,0.0
2,140500,CHOCOLATE,7900,42,7899.0,99.0,,,7901,42,7902.0,99.0,,,7900.5,0.0
2,140600,CHOCOLATE,7899,154,,,,,7901,154,,,,,7900.0,0.0
2,140700,CHOCOLATE,7901,119,,,,,7902,63,7903.0,56.0,,,7901.5,0.0
2,140800,CHOCOLATE,7902,64,7901.0,76.0,,,7903,64,7904.0,76.0,,,7902.5,0.0
2,140900,CHOCOLATE,7900,144,,,,,7902,144,,,,,7901.0,0.0
2,141000,CHOCOLATE,7900,97,,,,,7901,35,7902.0,62.0,,,7900.5,0.0
2,141100,CHOCOLATE,7901,103,,,,,7903,103,,,,,7902.0,0.0
2,141200,CHOCOLATE,7902,37,7901.0,88.0,,,7903,125,,,,,7902.5,0.0
2,141300,CHOCOLATE,7901,117,,,,,7903,117,,,,,7902.0,0.0
2,141400,CHOCOLATE,7900,94,,,,,7902,94,,,,,7901.0,0.0
2,141500,CHOCOLATE,7902,60,7901.0,92.0,,,7903,152,,,,,7902.5,0.0
2,141600,CHOCOLATE,7903,47,7902.0,94.0,,,7904,141,,,,,7903.5,0.0
2,141700,CHOCOLATE,7902,140,,,,,7903,55,7904.0,85.0,,,7902.5,0.0
2,141800,CHOCOLATE,7902,143,,,,,7904,143,,,,,7903.0,0.0
2,141900,CHOCOLATE,7902,130,,,,,7904,130,,,,,7903.0,0.0
2,142000,CHOCOLATE,7901,131,,,,,7902,35,7903.0,96.0,,,7901.5,0.0
2,142100,CHOCOLATE,7900,133,,,,,7902,133,,,,,7901.0,0.0
2,142200,CHOCOLATE,7900,37,7899.0,98.0,,,7901,37,7902.0,98.0,,,7900.5,0.0
2,142300,CHOCOLATE,7898,120,,,,,7900,120,,,,,7899.0,0.0
2,142400,CHOCOLATE,7899,49,7898.0,71.0,,,7900,120,,,,,7899.5,0.0
2,142500,CHOCOLATE,7898,49,7897.0,59.0,,,7899,49,7900.0,59.0,,,7898.5,0.0
2,142600,CHOCOLATE,7898,97,,,,,7899,45,7900.0,52.0,,,7898.5,0.0
2,142700,CHOCOLATE,7896,140,,,,,7897,56,7898.0,84.0,,,7896.5,0.0
2,142800,CHOCOLATE,7895,41,7894.0,72.0,,,7896,41,7897.0,72.0,,,7895.5,0.0
2,142900,CHOCOLATE,7895,43,7894.0,55.0,,,7896,43,7897.0,55.0,,,7895.5,0.0
2,143000,CHOCOLATE,7895,123,,,,,7896,48,7897.0,66.0,,,7895.5,0.0
2,143100,CHOCOLATE,7895,116,,,,,7897,116,,,,,7896.0,0.0
2,143200,CHOCOLATE,7894,118,,,,,7896,118,,,,,7895.0,0.0
2,143300,CHOCOLATE,7896,38,7895.0,56.0,,,7897,94,,,,,7896.5,0.0
2,143400,CHOCOLATE,7895,139,,,,,7897,139,,,,,7896.0,0.0
2,143500,CHOCOLATE,7895,41,7894.0,64.0,,,7896,105,,,,,7895.5,0.0
2,143600,CHOCOLATE,7895,59,7894.0,82.0,,,7896,141,,,,,7895.5,0.0
2,143700,CHOCOLATE,7894,64,7893.0,86.0,,,7895,64,7896.0,86.0,,,7894.5,0.0
2,143800,CHOCOLATE,7896,125,,,,,7897,51,7898.0,74.0,,,7896.5,0.0
2,143900,CHOCOLATE,7896,51,7895.0,97.0,,,7897,156,,,,,7896.5,0.0
2,144000,CHOCOLATE,7896,152,,,,,7898,152,,,,,7897.0,0.0
2,144100,CHOCOLATE,7896,140,,,,,7898,140,,,,,7897.0,0.0
2,144200,CHOCOLATE,7898,60,7897.0,80.0,,,7899,140,,,,,7898.5,0.0
2,144300,CHOCOLATE,7897,106,,,,,7899,112,,,,,7898.0,0.0
2,144400,CHOCOLATE,7897,7,7896.0,107.0,,,7898,107,,,,,7897.5,0.0
2,144500,CHOCOLATE,7897,95,,,,,7899,95,,,,,7898.0,0.0
2,144600,CHOCOLATE,7896,128,,,,,7898,128,,,,,7897.0,0.0
2,144700,CHOCOLATE,7897,144,,,,,7898,45,7899.0,99.0,,,7897.5,0.0
2,144800,CHOCOLATE,7897,62,7896.0,85.0,,,7898,147,,,,,7897.5,0.0
2,144900,CHOCOLATE,7896,36,7895.0,74.0,,,7897,110,,,,,7896.5,0.0
2,145000,CHOCOLATE,7895,129,,,,,7897,129,,,,,7896.0,0.0
2,145100,CHOCOLATE,7898,54,7897.0,94.0,,,7899,148,,,,,7898.5,0.0
2,145200,CHOCOLATE,7898,106,,,,,7900,106,,,,,7899.0,0.0
2,145300,CHOCOLATE,7898,64,7897.0,87.0,,,7899,64,7900.0,87.0,,,7898.5,0.0
2,145400,CHOCOLATE,7900,65,7899.0,97.0,,,7901,65,7902.0,97.0,,,7900.5,0.0
2,145500,CHOCOLATE,7900,150,,,,,7901,52,7902.0,98.0,,,7900.5,0.0
2,145600,CHOCOLATE,7901,52,7900.0,54.0,,,7902,106,,,,,7901.5,0.0
2,145700,CHOCOLATE,7900,135,,,,,7901,38,7902.0,97.0,,,7900.5,0.0
2,145800,CHOCOLATE,7900,63,7899.0,84.0,,,7901,147,,,,,7900.5,0.0
2,145900,CHOCOLATE,7899,103,,,,,7901,103,,,,,7900.0,0.0
2,146000,CHOCOLATE,7899,54,7898.0,91.0,,,7900,145,,,,,7899.5,0.0
2,146100,CHOCOLATE,7898,39,7897.0,61.0,,,7899,39,7900.0,61.0,,,7898.5,0.0
2,146200,CHOCOLATE,7897,119,,,,,7898,46,7899.0,68.0,,,7897.5,0.0
2,146300,CHOCOLATE,7898,47,7897.0,87.0,,,7899,134,,,,,7898.5,0.0
2,146400,CHOCOLATE,7896,54,7895.0,56.0,,,7897,54,7898.0,56.0,,,7896.5,0.0
2,146500,CHOCOLATE,7897,137,,,,,7898,65,7899.0,72.0,,,7897.5,0.0
2,146600,CHOCOLATE,7896,65,7895.0,51.0,,,7897,116,,,,,7896.5,0.0
2,146700,CHOCOLATE,7895,110,,,,,7897,110,,,,,7896.0,0.0
2,146800,CHOCOLATE,7896,127,,,,,7898,127,,,,,7897.0,0.0
2,146900,CHOCOLATE,7895,146,,,,,7897,146,,,,,7896.0,0.0
2,147000,CHOCOLATE,7895,104,,,,,7897,104,,,,,7896.0,0.0
2,147100,CHOCOLATE,7895,150,,,,,7897,150,,,,,7896.0,0.0
2,147200,CHOCOLATE,7896,124,,,,,7897,35,7898.0,89.0,,,7896.5,0.0
2,147300,CHOCOLATE,7897,50,7896.0,96.0,,,7898,146,,,,,7897.5,0.0
2,147400,CHOCOLATE,7896,88,,,,,7898,88,,,,,7897.0,0.0
2,147500,CHOCOLATE,7896,116,,,,,7898,116,,,,,7897.0,0.0
2,147600,CHOCOLATE,7896,62,7895.0,86.0,,,7897,148,,,,,7896.5,0.0
2,147700,CHOCOLATE,7896,123,,,,,7897,38,7898.0,85.0,,,7896.5,0.0
2,147800,CHOCOLATE,7896,97,,,,,7898,97,,,,,7897.0,0.0
2,147900,CHOCOLATE,7897,65,7896.0,77.0,,,7898,142,,,,,7897.5,0.0
2,148000,CHOCOLATE,7896,141,,,,,7897,54,7898.0,87.0,,,7896.5,0.0
2,148100,CHOCOLATE,7897,153,,,,,7898,63,7899.0,90.0,,,7897.5,0.0
2,148200,CHOCOLATE,7897,107,,,,,7898,48,7899.0,59.0,,,7897.5,0.0
2,148300,CHOCOLATE,7897,138,,,,,7898,55,7899.0,83.0,,,7897.5,0.0
2,148400,CHOCOLATE,7896,126,,,,,7898,126,,,,,7897.0,0.0
2,148500,CHOCOLATE,7896,156,,,,,7898,156,,,,,7897.0,0.0
2,148600,CHOCOLATE,7898,116,,,,,7899,65,7900.0,51.0,,,7898.5,0.0
2,148700,CHOCOLATE,7896,128,,,,,7898,128,,,,,7897.0,0.0
2,148800,CHOCOLATE,7896,99,,,,,7897,40,7898.0,59.0,,,7896.5,0.0
2,148900,CHOCOLATE,7897,98,,,,,7899,98,,,,,7898.0,0.0
2,149000,CHOCOLATE,7898,141,,,,,7899,58,7900.0,83.0,,,7898.5,0.0
2,149100,CHOCOLATE,7896,135,,,,,7898,135,,,,,7897.0,0.0
2,149200,CHOCOLATE,7896,51,7895.0,92.0,,,7897,51,7898.0,92.0,,,7896.5,0.0
2,149300,CHOCOLATE,7895,141,,,,,7896,62,7897.0,79.0,,,7895.5,0.0
2,149400,CHOCOLATE,7896,38,7895.0,80.0,,,7897,38,7898.0,80.0,,,7896.5,0.0
2,149500,CHOCOLATE,7895,60,7894.0,70.0,,,7896,130,,,,,7895.5,0.0
2,149600,CHOCOLATE,7895,50,7894.0,87.0,,,7896,137,,,,,7895.5,0.0
2,149700,CHOCOLATE,7895,113,,,,,7897,113,,,,,7896.0,0.0
2,149800,CHOCOLATE,7895,112,,,,,7896,42,7897.0,70.0,,,7895.5,0.0
2,149900,CHOCOLATE,7894,132,,,,,7896,132,,,,,7895.0,0.0
2,150000,CHOCOLATE,7896,57,7895.0,59.0,,,7897,116,,,,,7896.5,0.0
2,150100,CHOCOLATE,7896,151,,,,,7898,151,,,,,7897.0,0.0
2,150200,CHOCOLATE,7896,58,7895.0,82.0,,,7897,140,,,,,7896.5,0.0
2,150300,CHOCOLATE,7896,114,,,,,7897,44,7898.0,70.0,,,7896.5,0.0
2,150400,CHOCOLATE,7896,46,7895.0,73.0,,,7897,119,,,,,7896.5,0.0
2,150500,CHOCOLATE,7893,131,,,,,7895,131,,,,,7894.0,0.0
2,150600,CHOCOLATE,7891,142,,,,,7892,65,7893.0,77.0,,,7891.5,0.0
2,150700,CHOCOLATE,7891,106,,,,,7893,106,,,,,7892.0,0.0
2,150800,CHOCOLATE,7891,119,,,,,7892,41,7893.0,78.0,,,7891.5,0.0
2,150900,CHOCOLATE,7893,39,7892.0,53.0,,,7894,92,,,,,7893.5,0.0
2,151000,CHOCOLATE,7891,38,7890.0,99.0,,,7892,38,7893.0,99.0,,,7891.5,0.0
2,151100,CHOCOLATE,7891,107,,,,,7892,50,7893.0,57.0,,,7891.5,0.0
2,151200,CHOCOLATE,7891,38,7890.0,85.0,,,7892,38,7893.0,85.0,,,7891.5,0.0
2,151300,CHOCOLATE,7892,61,7891.0,58.0,,,7893,61,7894.0,58.0,,,7892.5,0.0
2,151400,CHOCOLATE,7892,119,,,,,7893,54,7894.0,65.0,,,7892.5,0.0
2,151500,CHOCOLATE,7892,152,,,,,7893,54,7894.0,98.0,,,7892.5,0.0
2,151600,CHOCOLATE,7892,132,,,,,7893,38,7894.0,94.0,,,7892.5,0.0
2,151700,CHOCOLATE,7893,65,7892.0,79.0,,,7894,65,7895.0,79.0,,,7893.5,0.0
2,151800,CHOCOLATE,7892,132,,,,,7893,48,7894.0,91.0,,,7892.5,0.0
2,151900,CHOCOLATE,7891,93,,,,,7893,93,,,,,7892.0,0.0
2,152000,CHOCOLATE,7891,127,,,,,7893,127,,,,,7892.0,0.0
2,152100,CHOCOLATE,7891,53,7890.0,55.0,,,7892,108,,,,,7891.5,0.0
2,152200,CHOCOLATE,7891,52,7890.0,69.0,,,7892,52,7893.0,69.0,,,7891.5,0.0
2,152300,CHOCOLATE,7892,46,7891.0,96.0,,,7893,142,,,,,7892.5,0.0
2,152400,CHOCOLATE,7890,108,,,,,7892,108,,,,,7891.0,0.0
2,152500,CHOCOLATE,7889,149,,,,,7891,149,,,,,7890.0,0.0
2,152600,CHOCOLATE,7890,43,7889.0,94.0,,,7891,43,7892.0,94.0,,,7890.5,0.0
2,152700,CHOCOLATE,7890,46,7889.0,70.0,,,7891,116,,,,,7890.5,0.0
2,152800,CHOCOLATE,7890,143,,,,,7891,44,7892.0,99.0,,,7890.5,0.0
2,152900,CHOCOLATE,7890,93,,,,,7891,43,7892.0,50.0,,,7890.5,0.0
2,153000,CHOCOLATE,7889,138,,,,,7890,64,7891.0,74.0,,,7889.5,0.0
2,153100,CHOCOLATE,7890,40,7889.0,98.0,,,7891,40,7892.0,98.0,,,7890.5,0.0
2,153200,CHOCOLATE,7889,89,,,,,7890,37,7891.0,52.0,,,7889.5,0.0
2,153300,CHOCOLATE,7888,145,,,,,7889,49,7890.0,96.0,,,7888.5,0.0
2,153400,CHOCOLATE,7889,100,,,,,7890,41,7891.0,59.0,,,7889.5,0.0
2,153500,CHOCOLATE,7888,124,,,,,7890,124,,,,,7889.0,0.0
2,153600,CHOCOLATE,7888,63,7887.0,58.0,,,7889,121,,,,,7888.5,0.0
2,153700,CHOCOLATE,7887,115,,,,,7889,115,,,,,7888.0,0.0
2,153800,CHOCOLATE,7888,149,,,,,7889,53,7890.0,96.0,,,7888.5,0.0
2,153900,CHOCOLATE,7887,148,,,,,7888,54,7889.0,94.0,,,7887.5,0.0
2,154000,CHOCOLATE,7886,60,7885.0,57.0,,,7887,121,,,,,7886.5,0.0
2,154100,CHOCOLATE,7887,43,7886.0,76.0,,,7888,43,7889.0,76.0,,,7887.5,0.0
2,154200,CHOCOLATE,7887,132,,,,,7889,132,,,,,7888.0,0.0
2,154300,CHOCOLATE,7887,140,,,,,7888,48,7889.0,92.0,,,7887.5,0.0
2,154400,CHOCOLATE,7886,126,,,,,7888,126,,,,,7887.0,0.0
2,154500,CHOCOLATE,7885,137,,,,,7887,137,,,,,7886.0,0.0
2,154600,CHOCOLATE,7886,32,7885.0,66.0,,,7887,103,,,,,7886.5,0.0
2,154700,CHOCOLATE,7885,35,7884.0,55.0,,,7886,90,,,,,7885.5,0.0
2,154800,CHOCOLATE,7883,62,7882.0,70.0,,,7884,132,,,,,7883.5,0.0
2,154900,CHOCOLATE,7883,140,,,,,7885,140,,,,,7884.0,0.0
2,155000,CHOCOLATE,7883,56,7882.0,78.0,,,7884,56,7885.0,78.0,,,7883.5,0.0
2,155100,CHOCOLATE,7882,126,,,,,7883,37,7884.0,89.0,,,7882.5,0.0
2,155200,CHOCOLATE,7881,121,,,,,7883,121,,,,,7882.0,0.0
2,155300,CHOCOLATE,7882,63,7881.0,79.0,,,7883,63,7884.0,79.0,,,7882.5,0.0
2,155400,CHOCOLATE,7882,58,7881.0,82.0,,,7883,140,,,,,7882.5,0.0
2,155500,CHOCOLATE,7882,39,7881.0,60.0,,,7883,99,,,,,7882.5,0.0
2,155600,CHOCOLATE,7881,54,7880.0,99.0,,,7882,153,,,,,7881.5,0.0
2,155700,CHOCOLATE,7882,43,7881.0,65.0,,,7883,43,7884.0,65.0,,,7882.5,0.0
2,155800,CHOCOLATE,7883,93,,,,,7885,93,,,,,7884.0,0.0
2,155900,CHOCOLATE,7883,133,,,,,7885,133,,,,,7884.0,0.0
2,156000,CHOCOLATE,7883,35,7882.0,87.0,,,7884,122,,,,,7883.5,0.0
2,156100,CHOCOLATE,7882,130,,,,,7883,52,7884.0,78.0,,,7882.5,0.0
2,156200,CHOCOLATE,7884,100,,,,,7885,47,7886.0,53.0,,,7884.5,0.0
2,156300,CHOCOLATE,7883,119,,,,,7885,119,,,,,7884.0,0.0
2,156400,CHOCOLATE,7881,116,,,,,7883,116,,,,,7882.0,0.0
2,156500,CHOCOLATE,7880,131,,,,,7882,131,,,,,7881.0,0.0
2,156600,CHOCOLATE,7880,57,7879.0,82.0,,,7881,57,7882.0,82.0,,,7880.5,0.0
2,156700,CHOCOLATE,7880,58,7879.0,61.0,,,7881,58,7882.0,61.0,,,7880.5,0.0
2,156800,CHOCOLATE,7879,106,,,,,7880,35,7881.0,71.0,,,7879.5,0.0
2,156900,CHOCOLATE,7878,105,,,,,7880,105,,,,,7879.0,0.0
2,157000,CHOCOLATE,7877,97,,,,,7879,97,,,,,7878.0,0.0
2,157100,CHOCOLATE,7877,39,7876.0,78.0,,,7878,39,7879.0,78.0,,,7877.5,0.0
2,157200,CHOCOLATE,7876,159,,,,,7878,159,,,,,7877.0,0.0
2,157300,CHOCOLATE,7876,122,,,,,7878,122,,,,,7877.0,0.0
2,157400,CHOCOLATE,7877,145,,,,,7879,145,,,,,7878.0,0.0
2,157500,CHOCOLATE,7877,65,7876.0,82.0,,,7878,147,,,,,7877.5,0.0
2,157600,CHOCOLATE,7877,130,,,,,7879,130,,,,,7878.0,0.0
2,157700,CHOCOLATE,7877,121,,,,,7879,121,,,,,7878.0,0.0
2,157800,CHOCOLATE,7878,63,7877.0,100.0,,,7879,163,,,,,7878.5,0.0
2,157900,CHOCOLATE,7879,5,7878.0,114.0,,,7880,114,,,,,7879.5,0.0
2,158000,CHOCOLATE,7881,115,,,,,7882,49,7883.0,66.0,,,7881.5,0.0
2,158100,CHOCOLATE,7881,63,7880.0,83.0,,,7882,146,,,,,7881.5,0.0
2,158200,CHOCOLATE,7882,63,7881.0,51.0,,,7883,63,7884.0,51.0,,,7882.5,0.0
2,158300,CHOCOLATE,7882,39,7881.0,97.0,,,7883,136,,,,,7882.5,0.0
2,158400,CHOCOLATE,7880,154,,,,,7882,154,,,,,7881.0,0.0
2,158500,CHOCOLATE,7882,108,,,,,7884,108,,,,,7883.0,0.0
2,158600,CHOCOLATE,7884,116,,,,,7885,43,7886.0,73.0,,,7884.5,0.0
2,158700,CHOCOLATE,7883,49,7882.0,85.0,,,7884,49,7885.0,85.0,,,7883.5,0.0
2,158800,CHOCOLATE,7883,149,,,,,7884,56,7885.0,93.0,,,7883.5,0.0
2,158900,CHOCOLATE,7883,60,7882.0,77.0,,,7884,60,7885.0,77.0,,,7883.5,0.0
2,159000,CHOCOLATE,7883,122,,,,,7884,52,7885.0,70.0,,,7883.5,0.0
2,159100,CHOCOLATE,7882,45,7881.0,84.0,,,7883,45,7884.0,84.0,,,7882.5,0.0
2,159200,CHOCOLATE,7882,119,,,,,7884,119,,,,,7883.0,0.0
2,159300,CHOCOLATE,7882,48,7881.0,97.0,,,7883,48,7884.0,97.0,,,7882.5,0.0
