day,timestamp,product,bid_price_1,bid_volume_1,bid_price_2,bid_volume_2,bid_price_3,bid_volume_3,ask_price_1,ask_volume_1,ask_price_2,ask_volume_2,ask_price_3,ask_volume_3,mid_price,profit_and_loss
0,0,CHOCOLATE,7999,111,,,,,8001,111,,,,,8000.0,0.0
0,100,CHOCOLATE,8001,52,8000.0,95.0,,,8002,147,,,,,8001.5,0.0
0,200,CHOCOLATE,8000,152,,,,,8002,152,,,,,8001.0,0.0
0,300,CHOCOLATE,8002,44,8001.0,84.0,,,8003,128,,,,,8002.5,0.0
0,400,CHOCOLATE,8001,118,,,,,8003,118,,,,,8002.0,0.0
0,500,CHOCOLATE,8001,98,,,,,8002,40,8003.0,58.0,,,8001.5,0.0
0,600,CHOCOLATE,8001,109,,,,,8003,109,,,,,8002.0,0.0
0,700,CHOCOLATE,8003,52,8002.0,74.0,,,8004,52,8005.0,74.0,,,8003.5,0.0
0,800,CHOCOLATE,8002,94,,,,,8003,35,8004.0,59.0,,,8002.5,0.0
0,900,CHOCOLATE,8002,94,,,,,8003,38,8004.0,56.0,,,8002.5,0.0
0,1000,CHOCOLATE,8002,55,8001.0,67.0,,,8003,55,8004.0,67.0,,,8002.5,0.0
0,1100,CHOCOLATE,8001,61,8000.0,99.0,,,8002,61,8003.0,99.0,,,8001.5,0.0
0,1200,CHOCOLATE,7998,113,,,,,7999,40,8000.0,73.0,,,7998.5,0.0
0,1300,CHOCOLATE,8000,50,7999.0,63.0,,,8001,57,8002.0,63.0,,,8000.5,0.0
0,1400,CHOCOLATE,7999,135,,,,,8001,135,,,,,8000.0,0.0
0,1500,CHOCOLATE,7999,46,7998.0,90.0,,,8000,46,8001.0,90.0,,,7999.5,0.0
0,1600,CHOCOLATE,7998,149,,,,,7999,60,8000.0,89.0,,,7998.5,0.0
0,1700,CHOCOLATE,7998,42,7997.0,59.0,,,7999,42,8000.0,59.0,,,7998.5,0.0
0,1800,CHOCOLATE,7999,58,7998.0,78.0,,,8000,58,8001.0,78.0,,,7999.5,0.0
0,1900,CHOCOLATE,8001,58,8000.0,76.0,,,8002,58,8003.0,76.0,,,8001.5,0.0
0,2000,CHOCOLATE,8001,112,,,,,8002,51,8003.0,61.0,,,8001.5,0.0
0,2100,CHOCOLATE,8000,56,7999.0,83.0,,,8001,139,,,,,8000.5,0.0
0,2200,CHOCOLATE,7999,108,,,,,8001,108,,,,,8000.0,0.0
0,2300,CHOCOLATE,8000,53,7999.0,94.0,,,8001,147,,,,,8000.5,0.0
0,2400,CHOCOLATE,8000,38,7999.0,65.0,,,8001,38,8002.0,65.0,,,8000.5,0.0
0,2500,CHOCOLATE,8000,135,,,,,8002,135,,,,,8001.0,0.0
0,2600,CHOCOLATE,8002,130,,,,,8004,130,,,,,8003.0,0.0
0,2700,CHOCOLATE,8001,144,,,,,8002,61,8003.0,83.0,,,8001.5,0.0
0,2800,CHOCOLATE,8001,148,,,,,8003,148,,,,,8002.0,0.0
0,2900,CHOCOLATE,8002,103,,,,,8004,103,,,,,8003.0,0.0
0,3000,CHOCOLATE,8002,44,8001.0,59.0,,,8003,44,8004.0,59.0,,,8002.5,0.0
0,3100,CHOCOLATE,8002,127,,,,,8003,46,8004.0,81.0,,,8002.5,0.0
0,3200,CHOCOLATE,8003,137,,,,,8005,137,,,,,8004.0,0.0
0,3300,CHOCOLATE,8004,49,8003.0,74.0,,,8005,49,8006.0,74.0,,,8004.5,0.0
0,3400,CHOCOLATE,8003,42,8002.0,83.0,,,8004,120,,,,,8003.5,0.0
0,3500,CHOCOLATE,8003,107,,,,,8005,107,,,,,8004.0,0.0
0,3600,CHOCOLATE,8003,142,,,,,8005,142,,,,,8004.0,0.0
0,3700,CHOCOLATE,8002,132,,,,,8004,132,,,,,8003.0,0.0
0,3800,CHOCOLATE,8001,110,,,,,8003,110,,,,,8002.0,0.0
0,3900,CHOCOLATE,8001,43,8000.0,95.0,,,8002,43,8003.0,95.0,,,8001.5,0.0
0,4000,CHOCOLATE,8002,138,,,,,8004,138,,,,,8003.0,0.0
0,4100,CHOCOLATE,8000,145,,,,,8002,145,,,,,8001.0,0.0
0,4200,CHOCOLATE,8000,130,,,,,8002,130,,,,,8001.0,0.0
0,4300,CHOCOLATE,7998,39,7997.0,65.0,,,7999,39,8000.0,65.0,,,7998.5,0.0
0,4400,CHOCOLATE,7999,131,,,,,8001,131,,,,,8000.0,0.0
0,4500,CHOCOLATE,8000,54,7999.0,61.0,,,8001,54,8002.0,61.0,,,8000.5,0.0
0,4600,CHOCOLATE,8001,129,,,,,8002,52,8003.0,77.0,,,8001.5,0.0
0,4700,CHOCOLATE,8000,142,,,,,8001,5,8002.0,142.0,,,8000.5,0.0
0,4800,CHOCOLATE,7998,144,,,,,8000,144,,,,,7999.0,0.0
0,4900,CHOCOLATE,7997,101,,,,,7999,101,,,,,7998.0,0.0
0,5000,CHOCOLATE,7998,154,,,,,8000,154,,,,,7999.0,0.0
0,5100,CHOCOLATE,7999,117,,,,,8001,117,,,,,8000.0,0.0
0,5200,CHOCOLATE,7997,52,7996.0,92.0,,,7998,52,7999.0,92.0,,,7997.5,0.0
0,5300,CHOCOLATE,7996,124,,,,,7998,124,,,,,7997.0,0.0
0,5400,CHOCOLATE,7996,54,7995.0,53.0,,,7997,54,7998.0,53.0,,,7996.5,0.0
0,5500,CHOCOLATE,7996,143,,,,,7997,49,7998.0,94.0,,,7996.5,0.0
0,5600,CHOCOLATE,7994,116,,,,,7995,36,7996.0,80.0,,,7994.5,0.0
0,5700,CHOCOLATE,7995,110,,,,,7996,56,7997.0,54.0,,,7995.5,0.0
0,5800,CHOCOLATE,7995,51,7994.0,78.0,,,7996,61,7997.0,78.0,,,7995.5,0.0
0,5900,CHOCOLATE,7996,60,7995.0,95.0,,,7997,155,,,,,7996.5,0.0
0,6000,CHOCOLATE,7996,62,7995.0,86.0,,,7997,62,7998.0,86.0,,,7996.5,0.0
0,6100,CHOCOLATE,7997,54,7996.0,76.0,,,7998,54,7999.0,76.0,,,7997.5,0.0
0,6200,CHOCOLATE,7996,154,,,,,7998,154,,,,,7997.0,0.0
0,6300,CHOCOLATE,7996,101,,,,,7998,101,,,,,7997.0,0.0
0,6400,CHOCOLATE,7996,140,,,,,7998,140,,,,,7997.0,0.0
0,6500,CHOCOLATE,7996,63,7995.0,65.0,,,7997,128,,,,,7996.5,0.0
0,6600,CHOCOLATE,7995,94,,,,,7996,41,7997.0,53.0,,,7995.5,0.0
0,6700,CHOCOLATE,7996,93,,,,,7997,43,7998.0,50.0,,,7996.5,0.0
0,6800,CHOCOLATE,7996,131,,,,,7998,131,,,,,7997.0,0.0
0,6900,CHOCOLATE,7997,137,,,,,7999,137,,,,,7998.0,0.0
0,7000,CHOCOLATE,7997,123,,,,,7999,123,,,,,7998.0,0.0
0,7100,CHOCOLATE,7997,52,7996.0,63.0,,,7998,115,,,,,7997.5,0.0
0,7200,CHOCOLATE,7998,104,,,,,7999,48,8000.0,56.0,,,7998.5,0.0
0,7300,CHOCOLATE,7997,138,,,,,7999,138,,,,,7998.0,0.0
0,7400,CHOCOLATE,7999,31,7998.0,82.0,,,8000,38,8001.0,82.0,,,7999.5,0.0
0,7500,CHOCOLATE,8001,43,8000.0,81.0,,,8002,43,8003.0,81.0,,,8001.5,0.0
0,7600,CHOCOLATE,8001,127,,,,,8003,127,,,,,8002.0,0.0
0,7700,CHOCOLATE,8002,37,8001.0,66.0,,,8003,37,8004.0,66.0,,,8002.5,0.0
0,7800,CHOCOLATE,8002,118,,,,,8004,118,,,,,8003.0,0.0
0,7900,CHOCOLATE,8002,61,8001.0,90.0,,,8003,151,,,,,8002.5,0.0
0,8000,CHOCOLATE,8002,61,8001.0,97.0,,,8003,158,,,,,8002.5,0.0
0,8100,CHOCOLATE,8001,110,,,,,8003,110,,,,,8002.0,0.0
0,8200,CHOCOLATE,8003,109,,,,,8005,109,,,,,8004.0,0.0
0,8300,CHOCOLATE,8001,90,,,,,8003,90,,,,,8002.0,0.0
0,8400,CHOCOLATE,8000,50,7999.0,51.0,,,8001,50,8002.0,51.0,,,8000.5,0.0
0,8500,CHOCOLATE,8002,131,,,,,8003,65,8004.0,66.0,,,8002.5,0.0
0,8600,CHOCOLATE,8003,65,8002.0,88.0,,,8004,153,,,,,8003.5,0.0
0,8700,CHOCOLATE,8001,108,,,,,8003,108,,,,,8002.0,0.0
0,8800,CHOCOLATE,8002,142,,,,,8004,142,,,,,8003.0,0.0
0,8900,CHOCOLATE,8003,61,8002.0,95.0,,,8004,61,8005.0,95.0,,,8003.5,0.0
0,9000,CHOCOLATE,8003,109,,,,,8004,46,8005.0,63.0,,,8003.5,0.0
0,9100,CHOCOLATE,8002,142,,,,,8004,142,,,,,8003.0,0.0
0,9200,CHOCOLATE,8003,127,,,,,8005,127,,,,,8004.0,0.0
0,9300,CHOCOLATE,8002,113,,,,,8003,44,8004.0,69.0,,,8002.5,0.0
0,9400,CHOCOLATE,8003,56,8002.0,93.0,,,8004,149,,,,,8003.5,0.0
0,9500,CHOCOLATE,8002,41,8001.0,80.0,,,8003,121,,,,,8002.5,0.0
0,9600,CHOCOLATE,8002,39,8001.0,85.0,,,8003,124,,,,,8002.5,0.0
0,9700,CHOCOLATE,8002,120,,,,,8004,120,,,,,8003.0,0.0
0,9800,CHOCOLATE,8002,130,,,,,8004,130,,,,,8003.0,0.0
0,9900,CHOCOLATE,8003,116,,,,,8004,53,8005.0,63.0,,,8003.5,0.0
0,10000,CHOCOLATE,8002,94,,,,,8003,40,8004.0,63.0,,,8002.5,0.0
0,10100,CHOCOLATE,8001,150,,,,,8002,51,8003.0,99.0,,,8001.5,0.0
0,10200,CHOCOLATE,8001,47,8000.0,52.0,,,8002,99,,,,,8001.5,0.0
0,10300,CHOCOLATE,8000,134,,,,,8002,134,,,,,8001.0,0.0
0,10400,CHOCOLATE,8001,137,,,,,8002,49,8003.0,88.0,,,8001.5,0.0
0,10500,CHOCOLATE,8003,108,,,,,8004,56,8005.0,52.0,,,8003.5,0.0
0,10600,CHOCOLATE,8002,150,,,,,8003,61,8004.0,89.0,,,8002.5,0.0
0,10700,CHOCOLATE,8000,130,,,,,8002,130,,,,,8001.0,0.0
0,10800,CHOCOLATE,7998,142,,,,,8000,142,,,,,7999.0,0.0
0,10900,CHOCOLATE,7998,128,,,,,8000,128,,,,,7999.0,0.0
0,11000,CHOCOLATE,7999,118,,,,,8000,53,8001.0,65.0,,,7999.5,0.0
0,11100,CHOCOLATE,8000,56,7999.0,81.0,,,8001,137,,,,,8000.5,0.0
0,11200,CHOCOLATE,7999,41,7998.0,81.0,,,8000,122,,,,,7999.5,0.0
0,11300,CHOCOLATE,7999,44,7998.0,79.0,,,8000,123,,,,,7999.5,0.0
0,11400,CHOCOLATE,7999,46,7998.0,87.0,,,8000,46,8001.0,87.0,,,7999.5,0.0
0,11500,CHOCOLATE,7998,65,7997.0,99.0,,,7999,65,8000.0,99.0,,,7998.5,0.0
0,11600,CHOCOLATE,7998,49,7997.0,55.0,,,7999,104,,,,,7998.5,0.0
0,11700,CHOCOLATE,7997,141,,,,,7999,141,,,,,7998.0,0.0
0,11800,CHOCOLATE,7999,61,7998.0,87.0,,,8000,61,8001.0,87.0,,,7999.5,0.0
0,11900,CHOCOLATE,8000,36,7999.0,77.0,,,8001,113,,,,,8000.5,0.0
0,12000,CHOCOLATE,7998,112,,,,,8000,112,,,,,7999.0,0.0
0,12100,CHOCOLATE,8000,64,7999.0,51.0,,,8001,115,,,,,8000.5,0.0
0,12200,CHOCOLATE,8000,130,,,,,8002,130,,,,,8001.0,0.0
0,12300,CHOCOLATE,8000,124,,,,,8002,124,,,,,8001.0,0.0
0,12400,CHOCOLATE,8001,49,8000.0,80.0,,,8002,49,8003.0,80.0,,,8001.5,0.0
0,12500,CHOCOLATE,8004,50,8003.0,96.0,,,8005,43,8006.0,96.0,,,8004.5,0.0
0,12600,CHOCOLATE,8005,45,8004.0,59.0,,,8006,104,,,,,8005.5,0.0
0,12700,CHOCOLATE,8004,59,8003.0,91.0,,,8005,150,,,,,8004.5,0.0
0,12800,CHOCOLATE,8005,137,,,,,8007,137,,,,,8006.0,0.0
0,12900,CHOCOLATE,8006,55,8005.0,83.0,,,8007,138,,,,,8006.5,0.0
0,13000,CHOCOLATE,8005,64,8004.0,61.0,,,8006,64,8007.0,61.0,,,8005.5,0.0
0,13100,CHOCOLATE,8007,28,8006.0,66.0,,,8008,38,8009.0,66.0,,,8007.5,0.0
0,13200,CHOCOLATE,8007,63,8006.0,64.0,,,8008,127,,,,,8007.5,0.0
0,13300,CHOCOLATE,8007,115,,,,,8009,115,,,,,8008.0,0.0
0,13400,CHOCOLATE,8006,128,,,,,8007,57,8008.0,71.0,,,8006.5,0.0
0,13500,CHOCOLATE,8008,62,8007.0,53.0,,,8009,115,,,,,8008.5,0.0
0,13600,CHOCOLATE,8007,38,8006.0,66.0,,,8008,48,8009.0,66.0,,,8007.5,0.0
0,13700,CHOCOLATE,8006,131,,,,,8007,55,8008.0,83.0,,,8006.5,0.0
0,13800,CHOCOLATE,8006,107,,,,,8008,107,,,,,8007.0,0.0
0,13900,CHOCOLATE,8006,35,8005.0,68.0,,,8007,35,8008.0,68.0,,,8006.5,0.0
0,14000,CHOCOLATE,8005,130,,,,,8006,50,8007.0,80.0,,,8005.5,0.0
0,14100,CHOCOLATE,8007,147,,,,,8009,147,,,,,8008.0,0.0
0,14200,CHOCOLATE,8008,125,,,,,8009,52,8010.0,73.0,,,8008.5,0.0
0,14300,CHOCOLATE,8008,120,,,,,8009,36,8010.0,84.0,,,8008.5,0.0
0,14400,CHOCOLATE,8010,110,,,,,8011,51,8012.0,59.0,,,8010.5,0.0
0,14500,CHOCOLATE,8011,61,8010.0,69.0,,,8012,130,,,,,8011.5,0.0
0,14600,CHOCOLATE,8010,131,,,,,8011,51,8012.0,80.0,,,8010.5,0.0
0,14700,CHOCOLATE,8010,137,,,,,8012,137,,,,,8011.0,0.0
0,14800,CHOCOLATE,8011,45,8010.0,84.0,,,8012,45,8013.0,84.0,,,8011.5,0.0
0,14900,CHOCOLATE,8011,57,8010.0,89.0,,,8012,146,,,,,8011.5,0.0
0,15000,CHOCOLATE,8011,60,8010.0,59.0,,,8012,60,8013.0,59.0,,,8011.5,0.0
0,15100,CHOCOLATE,8010,133,,,,,8012,133,,,,,8011.0,0.0
0,15200,CHOCOLATE,8010,55,8009.0,86.0,,,8011,141,,,,,8010.5,0.0
0,15300,CHOCOLATE,8011,121,,,,,8013,121,,,,,8012.0,0.0
0,15400,CHOCOLATE,8013,59,8012.0,100.0,,,8014,159,,,,,8013.5,0.0
0,15500,CHOCOLATE,8012,44,8011.0,54.0,,,8013,44,8014.0,54.0,,,8012.5,0.0
0,15600,CHOCOLATE,8011,105,,,,,8013,105,,,,,8012.0,0.0
0,15700,CHOCOLATE,8012,117,,,,,8014,117,,,,,8013.0,0.0
0,15800,CHOCOLATE,8012,104,,,,,8013,50,8014.0,54.0,,,8012.5,0.0
0,15900,CHOCOLATE,8012,58,8011.0,60.0,,,8013,118,,,,,8012.5,0.0
0,16000,CHOCOLATE,8010,151,,,,,8012,151,,,,,8011.0,0.0
0,16100,CHOCOLATE,8009,160,,,,,8011,160,,,,,8010.0,0.0
0,16200,CHOCOLATE,8011,133,,,,,8012,55,8013.0,78.0,,,8011.5,0.0
0,16300,CHOCOLATE,8011,62,8010.0,95.0,,,8012,62,8013.0,95.0,,,8011.5,0.0
0,16400,CHOCOLATE,8011,37,8010.0,68.0,,,8012,105,,,,,8011.5,0.0
0,16500,CHOCOLATE,8010,52,8009.0,63.0,,,8011,115,,,,,8010.5,0.0
0,16600,CHOCOLATE,8010,55,8009.0,75.0,,,8011,55,8012.0,75.0,,,8010.5,0.0
0,16700,CHOCOLATE,8010,50,8009.0,100.0,,,8011,157,,,,,8010.5,0.0
0,16800,CHOCOLATE,8009,126,,,,,8011,126,,,,,8010.0,0.0
0,16900,CHOCOLATE,8011,40,8010.0,77.0,,,8012,117,,,,,8011.5,0.0
0,17000,CHOCOLATE,8008,96,,,,,8010,96,,,,,8009.0,0.0
0,17100,CHOCOLATE,8010,42,8009.0,84.0,,,8011,42,8012.0,84.0,,,8010.5,0.0
0,17200,CHOCOLATE,8010,115,,,,,8012,115,,,,,8011.0,0.0
0,17300,CHOCOLATE,8009,124,,,,,8010,57,8011.0,62.0,,,8009.5,0.0
0,17400,CHOCOLATE,8009,123,,,,,8011,123,,,,,8010.0,0.0
0,17500,CHOCOLATE,8010,112,,,,,8012,112,,,,,8011.0,0.0
0,17600,CHOCOLATE,8010,41,8009.0,92.0,,,8011,133,,,,,8010.5,0.0
0,17700,CHOCOLATE,8010,56,8009.0,95.0,,,8011,56,8012.0,95.0,,,8010.5,0.0
0,17800,CHOCOLATE,8010,55,8009.0,58.0,,,8011,113,,,,,8010.5,0.0
0,17900,CHOCOLATE,8009,43,8008.0,53.0,,,8010,96,,,,,8009.5,0.0
0,18000,CHOCOLATE,8007,62,8006.0,100.0,,,8008,162,,,,,8007.5,0.0
0,18100,CHOCOLATE,8007,110,,,,,8008,42,8009.0,68.0,,,8007.5,0.0
0,18200,CHOCOLATE,8007,114,,,,,8009,114,,,,,8008.0,0.0
0,18300,CHOCOLATE,8007,135,,,,,8009,135,,,,,8008.0,0.0
0,18400,CHOCOLATE,8010,49,8009.0,55.0,,,8011,49,8012.0,55.0,,,8010.5,0.0
0,18500,CHOCOLATE,8009,137,,,,,8011,137,,,,,8010.0,0.0
0,18600,CHOCOLATE,8012,108,,,,,8014,108,,,,,8013.0,0.0
0,18700,CHOCOLATE,8013,132,,,,,8015,132,,,,,8014.0,0.0
0,18800,CHOCOLATE,8013,155,,,,,8014,64,8015.0,91.0,,,8013.5,0.0
0,18900,CHOCOLATE,8013,57,8012.0,53.0,,,8014,57,8015.0,53.0,,,8013.5,0.0
0,19000,CHOCOLATE,8015,138,,,,,8017,138,,,,,8016.0,0.0
0,19100,CHOCOLATE,8015,44,8014.0,86.0,,,8016,44,8017.0,86.0,,,8015.5,0.0
0,19200,CHOCOLATE,8014,127,,,,,8016,127,,,,,8015.0,0.0
0,19300,CHOCOLATE,8014,111,,,,,8015,55,8016.0,56.0,,,8014.5,0.0
0,19400,CHOCOLATE,8015,122,,,,,8016,65,8017.0,50.0,,,8015.5,0.0
0,19500,CHOCOLATE,8014,35,8013.0,63.0,,,8015,98,,,,,8014.5,0.0
0,19600,CHOCOLATE,8015,40,8014.0,84.0,,,8016,40,8017.0,84.0,,,8015.5,0.0
0,19700,CHOCOLATE,8017,54,8016.0,99.0,,,8018,54,8019.0,99.0,,,8017.5,0.0
0,19800,CHOCOLATE,8015,43,8014.0,69.0,,,8016,112,,,,,8015.5,0.0
0,19900,CHOCOLATE,8015,41,8014.0,72.0,,,8016,113,,,,,8015.5,0.0
0,20000,CHOCOLATE,8016,104,,,,,8018,104,,,,,8017.0,0.0
0,20100,CHOCOLATE,8015,102,,,,,8017,102,,,,,8016.0,0.0
0,20200,CHOCOLATE,8016,109,,,,,8018,109,,,,,8017.0,0.0
0,20300,CHOCOLATE,8016,63,8015.0,79.0,,,8017,63,8018.0,79.0,,,8016.5,0.0
0,20400,CHOCOLATE,8015,143,,,,,8017,143,,,,,8016.0,0.0
0,20500,CHOCOLATE,8016,115,,,,,8018,115,,,,,8017.0,0.0
0,20600,CHOCOLATE,8018,48,8017.0,83.0,,,8019,48,8020.0,83.0,,,8018.5,0.0
0,20700,CHOCOLATE,8017,127,,,,,8018,61,8019.0,66.0,,,8017.5,0.0
0,20800,CHOCOLATE,8019,108,,,,,8020,36,8021.0,81.0,,,8019.5,0.0
0,20900,CHOCOLATE,8018,59,8017.0,65.0,,,8019,59,8020.0,65.0,,,8018.5,0.0
0,21000,CHOCOLATE,8017,142,,,,,8018,9,8019.0,142.0,,,8017.5,0.0
0,21100,CHOCOLATE,8016,106,,,,,8018,106,,,,,8017.0,0.0
0,21200,CHOCOLATE,8016,123,,,,,8018,123,,,,,8017.0,0.0
0,21300,CHOCOLATE,8020,117,,,,,8022,117,,,,,8021.0,0.0
0,21400,CHOCOLATE,8020,140,,,,,8021,62,8022.0,78.0,,,8020.5,0.0
0,21500,CHOCOLATE,8019,116,,,,,8021,116,,,,,8020.0,0.0
0,21600,CHOCOLATE,8017,144,,,,,8019,144,,,,,8018.0,0.0
0,21700,CHOCOLATE,8020,37,8019.0,65.0,,,8021,37,8022.0,65.0,,,8020.5,0.0
0,21800,CHOCOLATE,8021,51,8020.0,61.0,,,8022,112,,,,,8021.5,0.0
0,21900,CHOCOLATE,8021,120,,,,,8022,54,8023.0,66.0,,,8021.5,0.0
0,22000,CHOCOLATE,8021,129,,,,,8023,129,,,,,8022.0,0.0
0,22100,CHOCOLATE,8023,45,8022.0,54.0,,,8024,45,8025.0,54.0,,,8023.5,0.0
0,22200,CHOCOLATE,8024,56,8023.0,80.0,,,8025,56,8026.0,80.0,,,8024.5,0.0
0,22300,CHOCOLATE,8024,53,8023.0,64.0,,,8025,117,,,,,8024.5,0.0
0,22400,CHOCOLATE,8025,123,,,,,8026,40,8027.0,83.0,,,8025.5,0.0
0,22500,CHOCOLATE,8025,56,8024.0,91.0,,,8026,56,8027.0,91.0,,,8025.5,0.0
0,22600,CHOCOLATE,8024,122,,,,,8026,122,,,,,8025.0,0.0
0,22700,CHOCOLATE,8025,61,8024.0,84.0,,,8026,145,,,,,8025.5,0.0
0,22800,CHOCOLATE,8025,125,,,,,8027,125,,,,,8026.0,0.0
0,22900,CHOCOLATE,8025,62,8024.0,93.0,,,8026,155,,,,,8025.5,0.0
0,23000,CHOCOLATE,8025,98,,,,,8027,98,,,,,8026.0,0.0
0,23100,CHOCOLATE,8027,149,,,,,8028,56,8029.0,93.0,,,8027.5,0.0
0,23200,CHOCOLATE,8026,118,,,,,8028,118,,,,,8027.0,0.0
0,23300,CHOCOLATE,8028,128,,,,,8030,128,,,,,8029.0,0.0
0,23400,CHOCOLATE,8028,121,,,,,8029,47,8030.0,74.0,,,8028.5,0.0
0,23500,CHOCOLATE,8027,122,,,,,8029,122,,,,,8028.0,0.0
0,23600,CHOCOLATE,8027,64,8026.0,84.0,,,8028,148,,,,,8027.5,0.0
0,23700,CHOCOLATE,8028,131,,,,,8030,131,,,,,8029.0,0.0
0,23800,CHOCOLATE,8030,100,,,,,8031,36,8032.0,64.0,,,8030.5,0.0
0,23900,CHOCOLATE,8029,120,,,,,8031,120,,,,,8030.0,0.0
0,24000,CHOCOLATE,8028,155,,,,,8030,155,,,,,8029.0,0.0
0,24100,CHOCOLATE,8030,65,8029.0,94.0,,,8031,65,8032.0,94.0,,,8030.5,0.0
0,24200,CHOCOLATE,8028,137,,,,,8030,137,,,,,8029.0,0.0
0,24300,CHOCOLATE,8026,147,,,,,8027,10,8028.0,147.0,,,8026.5,0.0
0,24400,CHOCOLATE,8028,60,8027.0,54.0,,,8029,60,8030.0,54.0,,,8028.5,0.0
0,24500,CHOCOLATE,8028,129,,,,,8029,53,8030.0,76.0,,,8028.5,0.0
0,24600,CHOCOLATE,8028,116,,,,,8030,116,,,,,8029.0,0.0
0,24700,CHOCOLATE,8028,121,,,,,8030,121,,,,,8029.0,0.0
0,24800,CHOCOLATE,8030,61,8029.0,66.0,,,8031,61,8032.0,66.0,,,8030.5,0.0
0,24900,CHOCOLATE,8029,120,,,,,8030,62,8031.0,58.0,,,8029.5,0.0
0,25000,CHOCOLATE,8028,58,8027.0,74.0,,,8029,58,8030.0,74.0,,,8028.5,0.0
0,25100,CHOCOLATE,8028,122,,,,,8029,41,8030.0,81.0,,,8028.5,0.0
0,25200,CHOCOLATE,8029,129,,,,,8031,129,,,,,8030.0,0.0
0,25300,CHOCOLATE,8031,123,,,,,8032,44,8033.0,79.0,,,8031.5,0.0
0,25400,CHOCOLATE,8031,105,,,,,8033,105,,,,,8032.0,0.0
0,25500,CHOCOLATE,8031,119,,,,,8033,119,,,,,8032.0,0.0
0,25600,CHOCOLATE,8032,106,,,,,8034,106,,,,,8033.0,0.0
0,25700,CHOCOLATE,8032,132,,,,,8034,132,,,,,8033.0,0.0
0,25800,CHOCOLATE,8032,142,,,,,8033,49,8034.0,93.0,,,8032.5,0.0
0,25900,CHOCOLATE,8030,115,,,,,8031,39,8032.0,76.0,,,8030.5,0.0
0,26000,CHOCOLATE,8031,150,,,,,8033,150,,,,,8032.0,0.0
0,26100,CHOCOLATE,8033,152,,,,,8035,152,,,,,8034.0,0.0
0,26200,CHOCOLATE,8033,51,8032.0,80.0,,,8034,51,8035.0,80.0,,,8033.5,0.0
0,26300,CHOCOLATE,8034,52,8033.0,63.0,,,8035,52,8036.0,63.0,,,8034.5,0.0
0,26400,CHOCOLATE,8034,52,8033.0,82.0,,,8035,134,,,,,8034.5,0.0
0,26500,CHOCOLATE,8033,51,8032.0,87.0,,,8034,51,8035.0,87.0,,,8033.5,0.0
0,26600,CHOCOLATE,8031,119,,,,,8033,119,,,,,8032.0,0.0
0,26700,CHOCOLATE,8030,131,,,,,8031,42,8032.0,89.0,,,8030.5,0.0
0,26800,CHOCOLATE,8031,53,8030.0,79.0,,,8032,132,,,,,8031.5,0.0
0,26900,CHOCOLATE,8031,126,,,,,8032,53,8033.0,73.0,,,8031.5,0.0
0,27000,CHOCOLATE,8031,124,,,,,8032,54,8033.0,70.0,,,8031.5,0.0
0,27100,CHOCOLATE,8032,151,,,,,8034,151,,,,,8033.0,0.0
0,27200,CHOCOLATE,8031,50,8030.0,100.0,,,8032,50,8033.0,100.0,,,8031.5,0.0
0,27300,CHOCOLATE,8031,129,,,,,8032,39,8033.0,90.0,,,8031.5,0.0
0,27400,CHOCOLATE,8030,132,,,,,8032,139,,,,,8031.0,0.0
0,27500,CHOCOLATE,8029,116,,,,,8031,116,,,,,8030.0,0.0
0,27600,CHOCOLATE,8029,44,8028.0,69.0,,,8030,113,,,,,8029.5,0.0
0,27700,CHOCOLATE,8029,109,,,,,8031,109,,,,,8030.0,0.0
0,27800,CHOCOLATE,8031,65,8030.0,63.0,,,8032,128,,,,,8031.5,0.0
0,27900,CHOCOLATE,8031,123,,,,,8033,123,,,,,8032.0,0.0
0,28000,CHOCOLATE,8029,96,,,,,8031,96,,,,,8030.0,0.0
0,28100,CHOCOLATE,8030,93,,,,,8032,93,,,,,8031.0,0.0
0,28200,CHOCOLATE,8031,140,,,,,8033,140,,,,,8032.0,0.0
0,28300,CHOCOLATE,8030,147,,,,,8032,147,,,,,8031.0,0.0
0,28400,CHOCOLATE,8032,143,,,,,8034,138,,,,,8033.0,0.0
0,28500,CHOCOLATE,8030,49,8029.0,93.0,,,8031,49,8032.0,93.0,,,8030.5,0.0
0,28600,CHOCOLATE,8030,133,,,,,8031,36,8032.0,97.0,,,8030.5,0.0
0,28700,CHOCOLATE,8030,137,,,,,8032,137,,,,,8031.0,0.0
0,28800,CHOCOLATE,8031,37,8030.0,54.0,,,8032,37,8033.0,54.0,,,8031.5,0.0
0,28900,CHOCOLATE,8032,150,,,,,8033,53,8034.0,97.0,,,8032.5,0.0
0,29000,CHOCOLATE,8032,128,,,,,8034,128,,,,,8033.0,0.0
0,29100,CHOCOLATE,8033,54,8032.0,59.0,,,8034,54,8035.0,59.0,,,8033.5,0.0
0,29200,CHOCOLATE,8035,108,,,,,8036,55,8037.0,53.0,,,8035.5,0.0
0,29300,CHOCOLATE,8035,127,,,,,8037,127,,,,,8036.0,0.0
0,29400,CHOCOLATE,8035,50,8034.0,66.0,,,8036,50,8037.0,66.0,,,8035.5,0.0
0,29500,CHOCOLATE,8035,124,,,,,8037,118,,,,,8036.0,0.0
0,29600,CHOCOLATE,8036,142,,,,,8037,50,8038.0,92.0,,,8036.5,0.0
0,29700,CHOCOLATE,8035,41,8034.0,67.0,,,8036,41,8037.0,67.0,,,8035.5,0.0
0,29800,CHOCOLATE,8035,36,8034.0,50.0,,,8036,36,8037.0,50.0,,,8035.5,0.0
0,29900,CHOCOLATE,8035,97,,,,,8036,37,8037.0,60.0,,,8035.5,0.0
0,30000,CHOCOLATE,8035,129,,,,,8037,129,,,,,8036.0,0.0
0,30100,CHOCOLATE,8036,57,8035.0,84.0,,,8037,141,,,,,8036.5,0.0
0,30200,CHOCOLATE,8036,37,8035.0,75.0,,,8037,37,8038.0,75.0,,,8036.5,0.0
0,30300,CHOCOLATE,8037,116,,,,,8039,116,,,,,8038.0,0.0
0,30400,CHOCOLATE,8036,49,8035.0,75.0,,,8037,124,,,,,8036.5,0.0
0,30500,CHOCOLATE,8037,116,,,,,8039,116,,,,,8038.0,0.0
0,30600,CHOCOLATE,8036,109,,,,,8038,109,,,,,8037.0,0.0
0,30700,CHOCOLATE,8037,103,,,,,8039,103,,,,,8038.0,0.0
0,30800,CHOCOLATE,8037,151,,,,,8039,151,,,,,8038.0,0.0
0,30900,CHOCOLATE,8039,45,8038.0,50.0,,,8040,45,8041.0,50.0,,,8039.5,0.0
0,31000,CHOCOLATE,8038,52,8037.0,97.0,,,8039,52,8040.0,97.0,,,8038.5,0.0
0,31100,CHOCOLATE,8039,51,8038.0,81.0,,,8040,51,8041.0,81.0,,,8039.5,0.0
0,31200,CHOCOLATE,8039,64,8038.0,89.0,,,8040,149,,,,,8039.5,0.0
0,31300,CHOCOLATE,8038,88,,,,,8040,88,,,,,8039.0,0.0
0,31400,CHOCOLATE,8040,45,8039.0,96.0,,,8041,141,,,,,8040.5,0.0
0,31500,CHOCOLATE,8039,111,,,,,8040,56,8041.0,55.0,,,8039.5,0.0
0,31600,CHOCOLATE,8039,53,8038.0,64.0,,,8040,117,,,,,8039.5,0.0
0,31700,CHOCOLATE,8039,116,,,,,8041,116,,,,,8040.0,0.0
0,31800,CHOCOLATE,8039,46,8038.0,82.0,,,8040,122,,,,,8039.5,0.0
0,31900,CHOCOLATE,8039,115,,,,,8041,115,,,,,8040.0,0.0
0,32000,CHOCOLATE,8041,128,,,,,8043,128,,,,,8042.0,0.0
0,32100,CHOCOLATE,8041,49,8040.0,95.0,,,8042,49,8043.0,95.0,,,8041.5,0.0
0,32200,CHOCOLATE,8042,45,8041.0,77.0,,,8043,130,,,,,8042.5,0.0
0,32300,CHOCOLATE,8041,44,8040.0,63.0,,,8042,107,,,,,8041.5,0.0
0,32400,CHOCOLATE,8041,41,8040.0,58.0,,,8042,99,,,,,8041.5,0.0
0,32500,CHOCOLATE,8040,104,,,,,8041,35,8042.0,69.0,,,8040.5,0.0
0,32600,CHOCOLATE,8039,121,,,,,8040,53,8041.0,68.0,,,8039.5,0.0
0,32700,CHOCOLATE,8037,122,,,,,8038,35,8039.0,87.0,,,8037.5,0.0
0,32800,CHOCOLATE,8036,59,8035.0,62.0,,,8037,59,8038.0,62.0,,,8036.5,0.0
0,32900,CHOCOLATE,8033,144,,,,,8035,144,,,,,8034.0,0.0
0,33000,CHOCOLATE,8034,47,8033.0,51.0,,,8035,98,,,,,8034.5,0.0
0,33100,CHOCOLATE,8035,121,,,,,8036,53,8037.0,68.0,,,8035.5,0.0
0,33200,CHOCOLATE,8035,64,8034.0,54.0,,,8036,118,,,,,8035.5,0.0
0,33300,CHOCOLATE,8034,38,8033.0,60.0,,,8035,98,,,,,8034.5,0.0
0,33400,CHOCOLATE,8034,43,8033.0,84.0,,,8035,43,8036.0,84.0,,,8034.5,0.0
0,33500,CHOCOLATE,8033,138,,,,,8035,138,,,,,8034.0,0.0
0,33600,CHOCOLATE,8033,41,8032.0,74.0,,,8034,41,8035.0,74.0,,,8033.5,0.0
0,33700,CHOCOLATE,8033,58,8032.0,89.0,,,8034,147,,,,,8033.5,0.0
0,33800,CHOCOLATE,8031,59,8030.0,77.0,,,8032,136,,,,,8031.5,0.0
0,33900,CHOCOLATE,8033,46,8032.0,50.0,,,8034,96,,,,,8033.5,0.0
0,34000,CHOCOLATE,8033,105,,,,,8035,105,,,,,8034.0,0.0
0,34100,CHOCOLATE,8034,43,8033.0,70.0,,,8035,43,8036.0,70.0,,,8034.5,0.0
0,34200,CHOCOLATE,8031,131,,,,,8033,131,,,,,8032.0,0.0
0,34300,CHOCOLATE,8030,111,,,,,8032,111,,,,,8031.0,0.0
0,34400,CHOCOLATE,8032,55,8031.0,95.0,,,8033,55,8034.0,95.0,,,8032.5,0.0
0,34500,CHOCOLATE,8031,105,,,,,8033,105,,,,,8032.0,0.0
0,34600,CHOCOLATE,8031,52,8030.0,71.0,,,8032,123,,,,,8031.5,0.0
0,34700,CHOCOLATE,8034,65,8033.0,85.0,,,8035,150,,,,,8034.5,0.0
0,34800,CHOCOLATE,8032,138,,,,,8034,138,,,,,8033.0,0.0
0,34900,CHOCOLATE,8033,147,,,,,8034,59,8035.0,88.0,,,8033.5,0.0
0,35000,CHOCOLATE,8033,123,,,,,8034,64,8035.0,59.0,,,8033.5,0.0
0,35100,CHOCOLATE,8033,126,,,,,8035,126,,,,,8034.0,0.0
0,35200,CHOCOLATE,8033,39,8032.0,80.0,,,8034,119,,,,,8033.5,0.0
0,35300,CHOCOLATE,8033,62,8032.0,61.0,,,8034,62,8035.0,61.0,,,8033.5,0.0
0,35400,CHOCOLATE,8033,100,,,,,8035,100,,,,,8034.0,0.0
0,35500,CHOCOLATE,8036,135,,,,,8038,135,,,,,8037.0,0.0
0,35600,CHOCOLATE,8037,40,8036.0,58.0,,,8038,40,8039.0,58.0,,,8037.5,0.0
0,35700,CHOCOLATE,8037,119,,,,,8039,119,,,,,8038.0,0.0
0,35800,CHOCOLATE,8037,130,,,,,8038,50,8039.0,80.0,,,8037.5,0.0
0,35900,CHOCOLATE,8037,40,8036.0,98.0,,,8038,40,8039.0,98.0,,,8037.5,0.0
0,36000,CHOCOLATE,8037,35,8036.0,67.0,,,8038,35,8039.0,67.0,,,8037.5,0.0
0,36100,CHOCOLATE,8037,48,8036.0,51.0,,,8038,99,,,,,8037.5,0.0
0,36200,CHOCOLATE,8037,52,8036.0,57.0,,,8038,109,,,,,8037.5,0.0
0,36300,CHOCOLATE,8036,142,,,,,8038,142,,,,,8037.0,0.0
0,36400,CHOCOLATE,8036,136,,,,,8038,136,,,,,8037.0,0.0
0,36500,CHOCOLATE,8038,56,8037.0,83.0,,,8039,139,,,,,8038.5,0.0
0,36600,CHOCOLATE,8037,102,,,,,8039,102,,,,,8038.0,0.0
0,36700,CHOCOLATE,8037,118,,,,,8039,126,,,,,8038.0,0.0
0,36800,CHOCOLATE,8039,36,8038.0,61.0,,,8040,97,,,,,8039.5,0.0
0,36900,CHOCOLATE,8036,105,,,,,8038,114,,,,,8037.0,0.0
0,37000,CHOCOLATE,8039,62,8038.0,54.0,,,8040,62,8041.0,54.0,,,8039.5,0.0
0,37100,CHOCOLATE,8039,127,,,,,8041,127,,,,,8040.0,0.0
0,37200,CHOCOLATE,8039,41,8038.0,87.0,,,8040,41,8041.0,87.0,,,8039.5,0.0
0,37300,CHOCOLATE,8040,56,8039.0,96.0,,,8041,56,8042.0,96.0,,,8040.5,0.0
0,37400,CHOCOLATE,8040,51,8039.0,83.0,,,8041,51,8042.0,83.0,,,8040.5,0.0
0,37500,CHOCOLATE,8038,130,,,,,8040,130,,,,,8039.0,0.0
0,37600,CHOCOLATE,8038,96,,,,,8039,38,8040.0,58.0,,,8038.5,0.0
0,37700,CHOCOLATE,8039,135,,,,,8041,135,,,,,8040.0,0.0
0,37800,CHOCOLATE,8040,38,8039.0,63.0,,,8041,101,,,,,8040.5,0.0
0,37900,CHOCOLATE,8041,123,,,,,8043,123,,,,,8042.0,0.0
0,38000,CHOCOLATE,8042,4,8041.0,124.0,,,8043,124,,,,,8042.5,0.0
0,38100,CHOCOLATE,8040,137,,,,,8042,137,,,,,8041.0,0.0
0,38200,CHOCOLATE,8040,140,,,,,8041,44,8042.0,96.0,,,8040.5,0.0
0,38300,CHOCOLATE,8041,44,8040.0,79.0,,,8042,123,,,,,8041.5,0.0
0,38400,CHOCOLATE,8040,151,,,,,8042,151,,,,,8041.0,0.0
0,38500,CHOCOLATE,8039,121,,,,,8041,121,,,,,8040.0,0.0
0,38600,CHOCOLATE,8039,56,8038.0,75.0,,,8040,131,,,,,8039.5,0.0
0,38700,CHOCOLATE,8039,138,,,,,8041,138,,,,,8040.0,0.0
0,38800,CHOCOLATE,8038,122,,,,,8040,122,,,,,8039.0,0.0
0,38900,CHOCOLATE,8039,111,,,,,8041,111,,,,,8040.0,0.0
0,39000,CHOCOLATE,8037,44,8036.0,66.0,,,8038,44,8039.0,66.0,,,8037.5,0.0
0,39100,CHOCOLATE,8035,113,,,,,8037,113,,,,,8036.0,0.0
0,39200,CHOCOLATE,8035,59,8034.0,94.0,,,8036,153,,,,,8035.5,0.0
0,39300,CHOCOLATE,8035,42,8034.0,94.0,,,8036,42,8037.0,94.0,,,8035.5,0.0
0,39400,CHOCOLATE,8036,51,8035.0,67.0,,,8037,51,8038.0,67.0,,,8036.5,0.0
0,39500,CHOCOLATE,8036,47,8035.0,92.0,,,8037,47,8038.0,92.0,,,8036.5,0.0
0,39600,CHOCOLATE,8034,109,,,,,8036,109,,,,,8035.0,0.0
0,39700,CHOCOLATE,8035,146,,,,,8037,146,,,,,8036.0,0.0
0,39800,CHOCOLATE,8034,116,,,,,8036,116,,,,,8035.0,0.0
0,39900,CHOCOLATE,8035,40,8034.0,69.0,,,8036,109,,,,,8035.5,0.0
0,40000,CHOCOLATE,8033,145,,,,,8035,145,,,,,8034.0,0.0
0,40100,CHOCOLATE,8034,42,8033.0,57.0,,,8035,42,8036.0,57.0,,,8034.5,0.0
0,40200,CHOCOLATE,8034,115,,,,,8036,115,,,,,8035.0,0.0
0,40300,CHOCOLATE,8033,64,8032.0,86.0,,,8034,150,,,,,8033.5,0.0
0,40400,CHOCOLATE,8034,40,8033.0,52.0,,,8035,92,,,,,8034.5,0.0
0,40500,CHOCOLATE,8033,131,,,,,8035,131,,,,,8034.0,0.0
0,40600,CHOCOLATE,8035,54,8034.0,65.0,,,8036,119,,,,,8035.5,0.0
0,40700,CHOCOLATE,8035,141,,,,,8037,141,,,,,8036.0,0.0
0,40800,CHOCOLATE,8034,138,,,,,8036,138,,,,,8035.0,0.0
0,40900,CHOCOLATE,8034,135,,,,,8035,65,8036.0,70.0,,,8034.5,0.0
0,41000,CHOCOLATE,8033,64,8032.0,66.0,,,8034,130,,,,,8033.5,0.0
0,41100,CHOCOLATE,8032,110,,,,,8034,110,,,,,8033.0,0.0
0,41200,CHOCOLATE,8032,37,8031.0,69.0,,,8033,37,8034.0,69.0,,,8032.5,0.0
0,41300,CHOCOLATE,8032,48,8031.0,51.0,,,8033,48,8034.0,51.0,,,8032.5,0.0
0,41400,CHOCOLATE,8032,111,,,,,8034,107,,,,,8033.0,0.0
0,41500,CHOCOLATE,8034,49,8033.0,90.0,,,8035,139,,,,,8034.5,0.0
0,41600,CHOCOLATE,8034,93,,,,,8035,39,8036.0,54.0,,,8034.5,0.0
0,41700,CHOCOLATE,8034,53,8033.0,56.0,,,8035,53,8036.0,56.0,,,8034.5,0.0
0,41800,CHOCOLATE,8035,131,,,,,8036,51,8037.0,80.0,,,8035.5,0.0
0,41900,CHOCOLATE,8036,150,,,,,8038,150,,,,,8037.0,0.0
0,42000,CHOCOLATE,8035,106,,,,,8037,106,,,,,8036.0,0.0
0,42100,CHOCOLATE,8035,123,,,,,8036,60,8037.0,63.0,,,8035.5,0.0
0,42200,CHOCOLATE,8035,98,,,,,8036,43,8037.0,55.0,,,8035.5,0.0
0,42300,CHOCOLATE,8035,106,,,,,8037,106,,,,,8036.0,0.0
0,42400,CHOCOLATE,8034,129,,,,,8035,42,8036.0,87.0,,,8034.5,0.0
0,42500,CHOCOLATE,8034,149,,,,,8036,149,,,,,8035.0,0.0
0,42600,CHOCOLATE,8035,63,8034.0,60.0,,,8036,123,,,,,8035.5,0.0
0,42700,CHOCOLATE,8037,38,8036.0,91.0,,,8038,129,,,,,8037.5,0.0
0,42800,CHOCOLATE,8037,36,8036.0,96.0,,,8038,132,,,,,8037.5,0.0
0,42900,CHOCOLATE,8035,108,,,,,8037,108,,,,,8036.0,0.0
0,43000,CHOCOLATE,8034,117,,,,,8036,117,,,,,8035.0,0.0
0,43100,CHOCOLATE,8034,110,,,,,8036,110,,,,,8035.0,0.0
0,43200,CHOCOLATE,8033,113,,,,,8034,53,8035.0,60.0,,,8033.5,0.0
0,43300,CHOCOLATE,8034,117,,,,,8036,117,,,,,8035.0,0.0
0,43400,CHOCOLATE,8033,102,,,,,8035,102,,,,,8034.0,0.0
0,43500,CHOCOLATE,8036,134,,,,,8037,36,8038.0,98.0,,,8036.5,0.0
0,43600,CHOCOLATE,8035,56,8034.0,74.0,,,8036,56,8037.0,74.0,,,8035.5,0.0
0,43700,CHOCOLATE,8034,116,,,,,8036,116,,,,,8035.0,0.0
0,43800,CHOCOLATE,8036,63,8035.0,93.0,,,8037,63,8038.0,93.0,,,8036.5,0.0
0,43900,CHOCOLATE,8035,55,8034.0,60.0,,,8036,55,8037.0,60.0,,,8035.5,0.0
0,44000,CHOCOLATE,8035,45,8034.0,76.0,,,8036,45,8037.0,76.0,,,8035.5,0.0
0,44100,CHOCOLATE,8036,111,,,,,8038,111,,,,,8037.0,0.0
0,44200,CHOCOLATE,8037,130,,,,,8039,130,,,,,8038.0,0.0
0,44300,CHOCOLATE,8038,48,8037.0,76.0,,,8039,48,8040.0,76.0,,,8038.5,0.0
0,44400,CHOCOLATE,8038,132,,,,,8039,44,8040.0,88.0,,,8038.5,0.0
0,44500,CHOCOLATE,8037,108,,,,,8039,108,,,,,8038.0,0.0
0,44600,CHOCOLATE,8038,119,,,,,8039,60,8040.0,59.0,,,8038.5,0.0
0,44700,CHOCOLATE,8038,127,,,,,8040,127,,,,,8039.0,0.0
0,44800,CHOCOLATE,8037,56,8036.0,94.0,,,8038,150,,,,,8037.5,0.0
0,44900,CHOCOLATE,8038,48,8037.0,96.0,,,8039,48,8040.0,96.0,,,8038.5,0.0
0,45000,CHOCOLATE,8037,133,,,,,8039,133,,,,,8038.0,0.0
0,45100,CHOCOLATE,8037,135,,,,,8039,135,,,,,8038.0,0.0
0,45200,CHOCOLATE,8040,36,8039.0,77.0,,,8041,36,8042.0,77.0,,,8040.5,0.0
0,45300,CHOCOLATE,8040,129,,,,,8041,52,8042.0,77.0,,,8040.5,0.0
0,45400,CHOCOLATE,8041,57,8040.0,94.0,,,8042,57,8043.0,94.0,,,8041.5,0.0
0,45500,CHOCOLATE,8043,64,8042.0,50.0,,,8044,114,,,,,8043.5,0.0
0,45600,CHOCOLATE,8045,59,8044.0,92.0,,,8046,151,,,,,8045.5,0.0
0,45700,CHOCOLATE,8045,41,8044.0,93.0,,,8046,41,8047.0,93.0,,,8045.5,0.0
0,45800,CHOCOLATE,8047,107,,,,,8049,107,,,,,8048.0,0.0
0,45900,CHOCOLATE,8047,39,8046.0,82.0,,,8048,121,,,,,8047.5,0.0
0,46000,CHOCOLATE,8048,142,,,,,8050,142,,,,,8049.0,0.0
0,46100,CHOCOLATE,8051,126,,,,,8052,38,8053.0,88.0,,,8051.5,0.0
0,46200,CHOCOLATE,8050,106,,,,,8052,106,,,,,8051.0,0.0
0,46300,CHOCOLATE,8050,63,8049.0,64.0,,,8051,127,,,,,8050.5,0.0
0,46400,CHOCOLATE,8050,136,,,,,8051,57,8052.0,79.0,,,8050.5,0.0
0,46500,CHOCOLATE,8050,42,8049.0,59.0,,,8051,42,8052.0,59.0,,,8050.5,0.0
0,46600,CHOCOLATE,8050,159,,,,,8051,60,8052.0,99.0,,,8050.5,0.0
0,46700,CHOCOLATE,8049,118,,,,,8051,118,,,,,8050.0,0.0
0,46800,CHOCOLATE,8048,122,,,,,8050,122,,,,,8049.0,0.0
0,46900,CHOCOLATE,8047,154,,,,,8049,154,,,,,8048.0,0.0
0,47000,CHOCOLATE,8049,45,8048.0,68.0,,,8050,113,,,,,8049.5,0.0
0,47100,CHOCOLATE,8048,125,,,,,8049,52,8050.0,73.0,,,8048.5,0.0
0,47200,CHOCOLATE,8048,116,,,,,8050,116,,,,,8049.0,0.0
0,47300,CHOCOLATE,8046,123,,,,,8047,53,8048.0,80.0,,,8046.5,0.0
0,47400,CHOCOLATE,8048,101,,,,,8050,101,,,,,8049.0,0.0
0,47500,CHOCOLATE,8047,137,,,,,8049,137,,,,,8048.0,0.0
0,47600,CHOCOLATE,8047,126,,,,,8049,126,,,,,8048.0,0.0
0,47700,CHOCOLATE,8047,55,8046.0,69.0,,,8048,55,8049.0,69.0,,,8047.5,0.0
0,47800,CHOCOLATE,8046,115,,,,,8048,115,,,,,8047.0,0.0
0,47900,CHOCOLATE,8048,58,8047.0,64.0,,,8049,129,,,,,8048.5,0.0
0,48000,CHOCOLATE,8047,43,8046.0,78.0,,,8048,121,,,,,8047.5,0.0
0,48100,CHOCOLATE,8046,59,8045.0,58.0,,,8047,59,8048.0,58.0,,,8046.5,0.0
0,48200,CHOCOLATE,8046,108,,,,,8048,108,,,,,8047.0,0.0
0,48300,CHOCOLATE,8046,140,,,,,8048,140,,,,,8047.0,0.0
0,48400,CHOCOLATE,8046,59,8045.0,76.0,,,8047,59,8048.0,76.0,,,8046.5,0.0
0,48500,CHOCOLATE,8047,42,8046.0,78.0,,,8048,120,,,,,8047.5,0.0
0,48600,CHOCOLATE,8046,128,,,,,8048,128,,,,,8047.0,0.0
0,48700,CHOCOLATE,8045,116,,,,,8046,60,8047.0,56.0,,,8045.5,0.0
0,48800,CHOCOLATE,8044,144,,,,,8046,144,,,,,8045.0,0.0
0,48900,CHOCOLATE,8046,109,,,,,8047,41,8048.0,68.0,,,8046.5,0.0
0,49000,CHOCOLATE,8046,55,8045.0,89.0,,,8047,144,,,,,8046.5,0.0
0,49100,CHOCOLATE,8042,147,,,,,8044,147,,,,,8043.0,0.0
0,49200,CHOCOLATE,8042,103,,,,,8044,103,,,,,8043.0,0.0
0,49300,CHOCOLATE,8043,122,,,,,8044,65,8045.0,57.0,,,8043.5,0.0
0,49400,CHOCOLATE,8043,99,,,,,8045,99,,,,,8044.0,0.0
0,49500,CHOCOLATE,8044,109,,,,,8045,56,8046.0,53.0,,,8044.5,0.0
0,49600,CHOCOLATE,8044,150,,,,,8046,150,,,,,8045.0,0.0
0,49700,CHOCOLATE,8044,120,,,,,8045,56,8046.0,64.0,,,8044.5,0.0
0,49800,CHOCOLATE,8046,134,,,,,8047,47,8048.0,87.0,,,8046.5,0.0
0,49900,CHOCOLATE,8046,113,,,,,8047,62,8048.0,51.0,,,8046.5,0.0
0,50000,CHOCOLATE,8046,95,,,,,8048,99,,,,,8047.0,0.0
0,50100,CHOCOLATE,8048,120,,,,,8049,52,8050.0,68.0,,,8048.5,0.0
0,50200,CHOCOLATE,8048,136,,,,,8050,136,,,,,8049.0,0.0
0,50300,CHOCOLATE,8047,133,,,,,8049,133,,,,,8048.0,0.0
0,50400,CHOCOLATE,8046,108,,,,,8048,108,,,,,8047.0,0.0
0,50500,CHOCOLATE,8048,60,8047.0,80.0,,,8049,60,8050.0,80.0,,,8048.5,0.0
0,50600,CHOCOLATE,8049,48,8048.0,96.0,,,8050,144,,,,,8049.5,0.0
0,50700,CHOCOLATE,8047,144,,,,,8049,144,,,,,8048.0,0.0
0,50800,CHOCOLATE,8047,60,8046.0,62.0,,,8048,60,8049.0,62.0,,,8047.5,0.0
0,50900,CHOCOLATE,8046,101,,,,,8048,101,,,,,8047.0,0.0
0,51000,CHOCOLATE,8046,47,8045.0,100.0,,,8047,47,8048.0,100.0,,,8046.5,0.0
0,51100,CHOCOLATE,8043,51,8042.0,80.0,,,8044,51,8045.0,80.0,,,8043.5,0.0
0,51200,CHOCOLATE,8043,118,,,,,8044,46,8045.0,72.0,,,8043.5,0.0
0,51300,CHOCOLATE,8044,57,8043.0,52.0,,,8045,109,,,,,8044.5,0.0
0,51400,CHOCOLATE,8044,121,,,,,8045,37,8046.0,84.0,,,8044.5,0.0
0,51500,CHOCOLATE,8042,36,8041.0,66.0,,,8043,102,,,,,8042.5,0.0
0,51600,CHOCOLATE,8042,129,,,,,8044,129,,,,,8043.0,0.0
0,51700,CHOCOLATE,8043,155,,,,,8045,155,,,,,8044.0,0.0
0,51800,CHOCOLATE,8044,47,8043.0,78.0,,,8045,125,,,,,8044.5,0.0
0,51900,CHOCOLATE,8043,113,,,,,8045,113,,,,,8044.0,0.0
0,52000,CHOCOLATE,8044,142,,,,,8046,142,,,,,8045.0,0.0
0,52100,CHOCOLATE,8046,41,8045.0,96.0,,,8047,137,,,,,8046.5,0.0
0,52200,CHOCOLATE,8045,126,,,,,8047,126,,,,,8046.0,0.0
0,52300,CHOCOLATE,8046,137,,,,,8047,53,8048.0,84.0,,,8046.5,0.0
0,52400,CHOCOLATE,8045,143,,,,,8046,52,8047.0,91.0,,,8045.5,0.0
0,52500,CHOCOLATE,8046,53,8045.0,88.0,,,8047,53,8048.0,88.0,,,8046.5,0.0
0,52600,CHOCOLATE,8043,62,8042.0,54.0,,,8044,62,8045.0,54.0,,,8043.5,0.0
0,52700,CHOCOLATE,8040,6,8039.0,138.0,,,8041,138,,,,,8040.5,0.0
0,52800,CHOCOLATE,8038,118,,,,,8040,118,,,,,8039.0,0.0
0,52900,CHOCOLATE,8037,96,,,,,8038,43,8039.0,53.0,,,8037.5,0.0
0,53000,CHOCOLATE,8037,36,8036.0,86.0,,,8038,122,,,,,8037.5,0.0
0,53100,CHOCOLATE,8035,108,,,,,8036,43,8037.0,65.0,,,8035.5,0.0
0,53200,CHOCOLATE,8036,64,8035.0,79.0,,,8037,143,,,,,8036.5,0.0
0,53300,CHOCOLATE,8035,56,8034.0,51.0,,,8036,107,,,,,8035.5,0.0
0,53400,CHOCOLATE,8033,109,,,,,8034,45,8035.0,64.0,,,8033.5,0.0
0,53500,CHOCOLATE,8032,35,8031.0,88.0,,,8033,35,8034.0,88.0,,,8032.5,0.0
0,53600,CHOCOLATE,8033,145,,,,,8035,145,,,,,8034.0,0.0
0,53700,CHOCOLATE,8034,39,8033.0,66.0,,,8035,105,,,,,8034.5,0.0
0,53800,CHOCOLATE,8034,136,,,,,8035,55,8036.0,81.0,,,8034.5,0.0
0,53900,CHOCOLATE,8033,125,,,,,8035,125,,,,,8034.0,0.0
0,54000,CHOCOLATE,8036,119,,,,,8037,42,8038.0,77.0,,,8036.5,0.0
0,54100,CHOCOLATE,8034,132,,,,,8036,132,,,,,8035.0,0.0
0,54200,CHOCOLATE,8033,45,8032.0,97.0,,,8034,45,8035.0,97.0,,,8033.5,0.0
0,54300,CHOCOLATE,8034,150,,,,,8035,63,8036.0,87.0,,,8034.5,0.0
0,54400,CHOCOLATE,8032,100,,,,,8034,100,,,,,8033.0,0.0
0,54500,CHOCOLATE,8032,106,,,,,8034,106,,,,,8033.0,0.0
0,54600,CHOCOLATE,8033,149,,,,,8035,149,,,,,8034.0,0.0
0,54700,CHOCOLATE,8033,111,,,,,8035,111,,,,,8034.0,0.0
0,54800,CHOCOLATE,8032,121,,,,,8034,121,,,,,8033.0,0.0
0,54900,CHOCOLATE,8031,158,,,,,8033,158,,,,,8032.0,0.0
0,55000,CHOCOLATE,8031,46,8030.0,78.0,,,8032,46,8033.0,78.0,,,8031.5,0.0
0,55100,CHOCOLATE,8032,62,8031.0,60.0,,,8033,122,,,,,8032.5,0.0
0,55200,CHOCOLATE,8030,138,,,,,8032,138,,,,,8031.0,0.0
0,55300,CHOCOLATE,8031,136,,,,,8033,136,,,,,8032.0,0.0
0,55400,CHOCOLATE,8030,44,8029.0,78.0,,,8031,122,,,,,8030.5,0.0
0,55500,CHOCOLATE,8030,52,8029.0,56.0,,,8031,52,8032.0,56.0,,,8030.5,0.0
0,55600,CHOCOLATE,8030,41,8029.0,83.0,,,8031,124,,,,,8030.5,0.0
0,55700,CHOCOLATE,8032,47,8031.0,84.0,,,8033,131,,,,,8032.5,0.0
0,55800,CHOCOLATE,8031,53,8030.0,75.0,,,8032,53,8033.0,75.0,,,8031.5,0.0
0,55900,CHOCOLATE,8031,64,8030.0,61.0,,,8032,125,,,,,8031.5,0.0
0,56000,CHOCOLATE,8029,113,,,,,8031,113,,,,,8030.0,0.0
0,56100,CHOCOLATE,8029,120,,,,,8031,120,,,,,8030.0,0.0
0,56200,CHOCOLATE,8030,118,,,,,8032,118,,,,,8031.0,0.0
0,56300,CHOCOLATE,8030,119,,,,,8031,64,8032.0,55.0,,,8030.5,0.0
0,56400,CHOCOLATE,8033,35,8032.0,54.0,,,8034,89,,,,,8033.5,0.0
0,56500,CHOCOLATE,8034,47,8033.0,86.0,,,8035,133,,,,,8034.5,0.0
0,56600,CHOCOLATE,8033,154,,,,,8034,54,8035.0,100.0,,,8033.5,0.0
0,56700,CHOCOLATE,8033,118,,,,,8035,118,,,,,8034.0,0.0
0,56800,CHOCOLATE,8033,62,8032.0,92.0,,,8034,62,8035.0,92.0,,,8033.5,0.0
0,56900,CHOCOLATE,8031,127,,,,,8032,55,8033.0,72.0,,,8031.5,0.0
0,57000,CHOCOLATE,8033,54,8032.0,50.0,,,8034,104,,,,,8033.5,0.0
0,57100,CHOCOLATE,8032,145,,,,,8034,145,,,,,8033.0,0.0
0,57200,CHOCOLATE,8032,117,,,,,8034,117,,,,,8033.0,0.0
0,57300,CHOCOLATE,8033,53,8032.0,63.0,,,8034,53,8035.0,63.0,,,8033.5,0.0
0,57400,CHOCOLATE,8034,152,,,,,8035,56,8036.0,96.0,,,8034.5,0.0
0,57500,CHOCOLATE,8033,61,8032.0,85.0,,,8034,146,,,,,8033.5,0.0
0,57600,CHOCOLATE,8033,119,,,,,8034,49,8035.0,70.0,,,8033.5,0.0
0,57700,CHOCOLATE,8032,10,8031.0,131.0,,,8033,131,,,,,8032.5,0.0
0,57800,CHOCOLATE,8031,87,,,,,8033,87,,,,,8032.0,0.0
0,57900,CHOCOLATE,8032,140,,,,,8033,55,8034.0,85.0,,,8032.5,0.0
0,58000,CHOCOLATE,8034,41,8033.0,80.0,,,8035,41,8036.0,80.0,,,8034.5,0.0
0,58100,CHOCOLATE,8034,52,8033.0,87.0,,,8035,139,,,,,8034.5,0.0
0,58200,CHOCOLATE,8033,114,,,,,8035,114,,,,,8034.0,0.0
0,58300,CHOCOLATE,8034,112,,,,,8035,35,8036.0,77.0,,,8034.5,0.0
0,58400,CHOCOLATE,8034,131,,,,,8036,131,,,,,8035.0,0.0
0,58500,CHOCOLATE,8033,57,8032.0,89.0,,,8034,57,8035.0,89.0,,,8033.5,0.0
0,58600,CHOCOLATE,8033,130,,,,,8034,65,8035.0,65.0,,,8033.5,0.0
0,58700,CHOCOLATE,8033,52,8032.0,99.0,,,8034,52,8035.0,99.0,,,8033.5,0.0
0,58800,CHOCOLATE,8033,64,8032.0,53.0,,,8034,117,,,,,8033.5,0.0
0,58900,CHOCOLATE,8032,155,,,,,8033,57,8034.0,98.0,,,8032.5,0.0
0,59000,CHOCOLATE,8031,109,,,,,8033,109,,,,,8032.0,0.0
0,59100,CHOCOLATE,8032,129,,,,,8034,129,,,,,8033.0,0.0
0,59200,CHOCOLATE,8031,141,,,,,8033,141,,,,,8032.0,0.0
0,59300,CHOCOLATE,8031,121,,,,,8033,121,,,,,8032.0,0.0
0,59400,CHOCOLATE,8031,148,,,,,8033,148,,,,,8032.0,0.0
0,59500,CHOCOLATE,8033,42,8032.0,79.0,,,8034,121,,,,,8033.5,0.0
0,59600,CHOCOLATE,8035,10,8034.0,126.0,,,8036,126,,,,,8035.5,0.0
0,59700,CHOCOLATE,8035,52,8034.0,78.0,,,8036,52,8037.0,78.0,,,8035.5,0.0
0,59800,CHOCOLATE,8035,152,,,,,8036,61,8037.0,91.0,,,8035.5,0.0
0,59900,CHOCOLATE,8036,149,,,,,8037,59,8038.0,90.0,,,8036.5,0.0
0,60000,CHOCOLATE,8035,45,8034.0,61.0,,,8036,45,8037.0,61.0,,,8035.5,0.0
0,60100,CHOCOLATE,8034,56,8033.0,56.0,,,8035,56,8036.0,56.0,,,8034.5,0.0
0,60200,CHOCOLATE,8034,110,,,,,8035,49,8036.0,61.0,,,8034.5,0.0
0,60300,CHOCOLATE,8034,118,,,,,8036,118,,,,,8035.0,0.0
0,60400,CHOCOLATE,8034,41,8033.0,67.0,,,8035,41,8036.0,67.0,,,8034.5,0.0
0,60500,CHOCOLATE,8033,150,,,,,8034,51,8035.0,99.0,,,8033.5,0.0
0,60600,CHOCOLATE,8032,155,,,,,8034,155,,,,,8033.0,0.0
0,60700,CHOCOLATE,8032,63,8031.0,83.0,,,8033,63,8034.0,83.0,,,8032.5,0.0
0,60800,CHOCOLATE,8032,142,,,,,8034,142,,,,,8033.0,0.0
0,60900,CHOCOLATE,8034,48,8033.0,95.0,,,8035,143,,,,,8034.5,0.0
0,61000,CHOCOLATE,8034,114,,,,,8036,114,,,,,8035.0,0.0
0,61100,CHOCOLATE,8035,122,,,,,8037,122,,,,,8036.0,0.0
0,61200,CHOCOLATE,8036,126,,,,,8037,63,8038.0,63.0,,,8036.5,0.0
0,61300,CHOCOLATE,8037,121,,,,,8039,121,,,,,8038.0,0.0
0,61400,CHOCOLATE,8038,40,8037.0,59.0,,,8039,40,8040.0,59.0,,,8038.5,0.0
0,61500,CHOCOLATE,8038,132,,,,,8040,132,,,,,8039.0,0.0
0,61600,CHOCOLATE,8039,48,8038.0,75.0,,,8040,48,8041.0,75.0,,,8039.5,0.0
0,61700,CHOCOLATE,8041,58,8040.0,56.0,,,8042,114,,,,,8041.5,0.0
0,61800,CHOCOLATE,8040,128,,,,,8041,48,8042.0,80.0,,,8040.5,0.0
0,61900,CHOCOLATE,8041,47,8040.0,89.0,,,8042,47,8043.0,89.0,,,8041.5,0.0
0,62000,CHOCOLATE,8040,130,,,,,8042,130,,,,,8041.0,0.0
0,62100,CHOCOLATE,8040,148,,,,,8041,53,8042.0,95.0,,,8040.5,0.0
0,62200,CHOCOLATE,8038,142,,,,,8040,142,,,,,8039.0,0.0
0,62300,CHOCOLATE,8037,63,8036.0,92.0,,,8038,155,,,,,8037.5,0.0
0,62400,CHOCOLATE,8038,37,8037.0,60.0,,,8039,97,,,,,8038.5,0.0
0,62500,CHOCOLATE,8037,142,,,,,8038,45,8039.0,97.0,,,8037.5,0.0
0,62600,CHOCOLATE,8037,96,,,,,8038,53,8039.0,52.0,,,8037.5,0.0
0,62700,CHOCOLATE,8037,130,,,,,8039,130,,,,,8038.0,0.0
0,62800,CHOCOLATE,8040,63,8039.0,53.0,,,8041,63,8042.0,53.0,,,8040.5,0.0
0,62900,CHOCOLATE,8039,53,8038.0,59.0,,,8040,112,,,,,8039.5,0.0
0,63000,CHOCOLATE,8038,127,,,,,8040,127,,,,,8039.0,0.0
0,63100,CHOCOLATE,8037,137,,,,,8039,137,,,,,8038.0,0.0
0,63200,CHOCOLATE,8038,59,8037.0,88.0,,,8039,59,8040.0,88.0,,,8038.5,0.0
0,63300,CHOCOLATE,8038,59,8037.0,97.0,,,8039,59,8040.0,97.0,,,8038.5,0.0
0,63400,CHOCOLATE,8038,87,,,,,8039,35,8040.0,52.0,,,8038.5,0.0
0,63500,CHOCOLATE,8037,130,,,,,8039,130,,,,,8038.0,0.0
0,63600,CHOCOLATE,8038,116,,,,,8039,36,8040.0,80.0,,,8038.5,0.0
0,63700,CHOCOLATE,8039,133,,,,,8040,62,8041.0,71.0,,,8039.5,0.0
0,63800,CHOCOLATE,8038,93,,,,,8040,93,,,,,8039.0,0.0
0,63900,CHOCOLATE,8038,135,,,,,8039,63,8040.0,72.0,,,8038.5,0.0
0,64000,CHOCOLATE,8039,38,8038.0,69.0,,,8040,38,8041.0,69.0,,,8039.5,0.0
0,64100,CHOCOLATE,8039,112,,,,,8041,112,,,,,8040.0,0.0
0,64200,CHOCOLATE,8039,114,,,,,8041,114,,,,,8040.0,0.0
0,64300,CHOCOLATE,8038,90,,,,,8040,90,,,,,8039.0,0.0
0,64400,CHOCOLATE,8039,98,,,,,8040,44,8041.0,54.0,,,8039.5,0.0
0,64500,CHOCOLATE,8037,134,,,,,8039,134,,,,,8038.0,0.0
0,64600,CHOCOLATE,8035,124,,,,,8037,124,,,,,8036.0,0.0
0,64700,CHOCOLATE,8035,61,8034.0,50.0,,,8036,61,8037.0,50.0,,,8035.5,0.0
0,64800,CHOCOLATE,8037,55,8036.0,73.0,,,8038,128,,,,,8037.5,0.0
0,64900,CHOCOLATE,8035,143,,,,,8036,54,8037.0,89.0,,,8035.5,0.0
0,65000,CHOCOLATE,8034,126,,,,,8036,126,,,,,8035.0,0.0
0,65100,CHOCOLATE,8034,39,8033.0,62.0,,,8035,101,,,,,8034.5,0.0
0,65200,CHOCOLATE,8035,36,8034.0,67.0,,,8036,36,8037.0,67.0,,,8035.5,0.0
0,65300,CHOCOLATE,8034,60,8033.0,51.0,,,8035,60,8036.0,51.0,,,8034.5,0.0
0,65400,CHOCOLATE,8032,149,,,,,8033,60,8034.0,89.0,,,8032.5,0.0
0,65500,CHOCOLATE,8031,124,,,,,8033,124,,,,,8032.0,0.0
0,65600,CHOCOLATE,8032,47,8031.0,76.0,,,8033,123,,,,,8032.5,0.0
0,65700,CHOCOLATE,8033,65,8032.0,56.0,,,8034,121,,,,,8033.5,0.0
0,65800,CHOCOLATE,8031,128,,,,,8033,128,,,,,8032.0,0.0
0,65900,CHOCOLATE,8032,57,8031.0,57.0,,,8033,118,,,,,8032.5,0.0
0,66000,CHOCOLATE,8032,149,,,,,8034,149,,,,,8033.0,0.0
0,66100,CHOCOLATE,8032,42,8031.0,74.0,,,8033,42,8034.0,74.0,,,8032.5,0.0
0,66200,CHOCOLATE,8031,103,,,,,8033,103,,,,,8032.0,0.0
0,66300,CHOCOLATE,8031,144,,,,,8033,144,,,,,8032.0,0.0
0,66400,CHOCOLATE,8032,47,8031.0,69.0,,,8033,116,,,,,8032.5,0.0
0,66500,CHOCOLATE,8031,147,,,,,8033,147,,,,,8032.0,0.0
0,66600,CHOCOLATE,8031,36,8030.0,62.0,,,8032,36,8033.0,62.0,,,8031.5,0.0
0,66700,CHOCOLATE,8030,121,,,,,8031,38,8032.0,83.0,,,8030.5,0.0
0,66800,CHOCOLATE,8029,146,,,,,8031,146,,,,,8030.0,0.0
0,66900,CHOCOLATE,8029,37,8028.0,70.0,,,8030,107,,,,,8029.5,0.0
0,67000,CHOCOLATE,8029,163,,,,,8031,163,,,,,8030.0,0.0
0,67100,CHOCOLATE,8029,113,,,,,8030,35,8031.0,78.0,,,8029.5,0.0
0,67200,CHOCOLATE,8027,99,,,,,8029,99,,,,,8028.0,0.0
0,67300,CHOCOLATE,8028,137,,,,,8029,42,8030.0,95.0,,,8028.5,0.0
0,67400,CHOCOLATE,8028,127,,,,,8029,53,8030.0,74.0,,,8028.5,0.0
0,67500,CHOCOLATE,8028,36,8027.0,53.0,,,8029,89,,,,,8028.5,0.0
0,67600,CHOCOLATE,8027,62,8026.0,92.0,,,8028,62,8029.0,92.0,,,8027.5,0.0
0,67700,CHOCOLATE,8027,115,,,,,8029,115,,,,,8028.0,0.0
0,67800,CHOCOLATE,8026,64,8025.0,72.0,,,8027,64,8028.0,72.0,,,8026.5,0.0
0,67900,CHOCOLATE,8025,134,,,,,8027,128,,,,,8026.0,0.0
0,68000,CHOCOLATE,8025,135,,,,,8026,40,8027.0,95.0,,,8025.5,0.0
0,68100,CHOCOLATE,8025,157,,,,,8026,62,8027.0,95.0,,,8025.5,0.0
0,68200,CHOCOLATE,8025,107,,,,,8027,107,,,,,8026.0,0.0
0,68300,CHOCOLATE,8028,48,8027.0,86.0,,,8029,134,,,,,8028.5,0.0
0,68400,CHOCOLATE,8028,65,8027.0,62.0,,,8029,65,8030.0,62.0,,,8028.5,0.0
0,68500,CHOCOLATE,8026,115,,,,,8028,115,,,,,8027.0,0.0
0,68600,CHOCOLATE,8028,46,8027.0,72.0,,,8029,46,8030.0,72.0,,,8028.5,0.0
0,68700,CHOCOLATE,8029,46,8028.0,94.0,,,8030,144,,,,,8029.5,0.0
0,68800,CHOCOLATE,8029,135,,,,,8031,135,,,,,8030.0,0.0
0,68900,CHOCOLATE,8028,148,,,,,8030,148,,,,,8029.0,0.0
0,69000,CHOCOLATE,8028,126,,,,,8030,126,,,,,8029.0,0.0
0,69100,CHOCOLATE,8030,51,8029.0,57.0,,,8031,108,,,,,8030.5,0.0
0,69200,CHOCOLATE,8031,49,8030.0,82.0,,,8032,131,,,,,8031.5,0.0
0,69300,CHOCOLATE,8031,52,8030.0,88.0,,,8032,52,8033.0,88.0,,,8031.5,0.0
0,69400,CHOCOLATE,8030,148,,,,,8031,52,8032.0,96.0,,,8030.5,0.0
0,69500,CHOCOLATE,8030,41,8029.0,77.0,,,8031,41,8032.0,77.0,,,8030.5,0.0
0,69600,CHOCOLATE,8033,125,,,,,8034,56,8035.0,69.0,,,8033.5,0.0
0,69700,CHOCOLATE,8032,56,8031.0,56.0,,,8033,56,8034.0,56.0,,,8032.5,0.0
0,69800,CHOCOLATE,8031,112,,,,,8032,56,8033.0,56.0,,,8031.5,0.0
0,69900,CHOCOLATE,8033,49,8032.0,97.0,,,8034,146,,,,,8033.5,0.0
0,70000,CHOCOLATE,8033,42,8032.0,88.0,,,8034,130,,,,,8033.5,0.0
0,70100,CHOCOLATE,8033,129,,,,,8035,129,,,,,8034.0,0.0
0,70200,CHOCOLATE,8034,144,,,,,8036,144,,,,,8035.0,0.0
0,70300,CHOCOLATE,8032,98,,,,,8033,42,8034.0,56.0,,,8032.5,0.0
0,70400,CHOCOLATE,8032,54,8031.0,99.0,,,8033,54,8034.0,99.0,,,8032.5,0.0
0,70500,CHOCOLATE,8031,145,,,,,8032,47,8033.0,98.0,,,8031.5,0.0
0,70600,CHOCOLATE,8031,59,8030.0,61.0,,,8032,120,,,,,8031.5,0.0
0,70700,CHOCOLATE,8030,113,,,,,8032,113,,,,,8031.0,0.0
0,70800,CHOCOLATE,8031,43,8030.0,84.0,,,8032,127,,,,,8031.5,0.0
0,70900,CHOCOLATE,8030,99,,,,,8032,99,,,,,8031.0,0.0
0,71000,CHOCOLATE,8031,116,,,,,8032,39,8033.0,77.0,,,8031.5,0.0
0,71100,CHOCOLATE,8030,38,8029.0,71.0,,,8031,109,,,,,8030.5,0.0
0,71200,CHOCOLATE,8030,39,8029.0,67.0,,,8031,106,,,,,8030.5,0.0
0,71300,CHOCOLATE,8029,144,,,,,8031,144,,,,,8030.0,0.0
0,71400,CHOCOLATE,8030,49,8029.0,58.0,,,8031,107,,,,,8030.5,0.0
0,71500,CHOCOLATE,8029,108,,,,,8030,64,8031.0,51.0,,,8029.5,0.0
0,71600,CHOCOLATE,8028,136,,,,,8030,136,,,,,8029.0,0.0
0,71700,CHOCOLATE,8027,54,8026.0,54.0,,,8028,108,,,,,8027.5,0.0
0,71800,CHOCOLATE,8027,48,8026.0,70.0,,,8028,118,,,,,8027.5,0.0
0,71900,CHOCOLATE,8026,133,,,,,8028,133,,,,,8027.0,0.0
0,72000,CHOCOLATE,8026,127,,,,,8028,127,,,,,8027.0,0.0
0,72100,CHOCOLATE,8026,36,8025.0,55.0,,,8027,91,,,,,8026.5,0.0
0,72200,CHOCOLATE,8026,120,,,,,8028,120,,,,,8027.0,0.0
0,72300,CHOCOLATE,8025,111,,,,,8026,38,8027.0,73.0,,,8025.5,0.0
0,72400,CHOCOLATE,8026,63,8025.0,71.0,,,8027,134,,,,,8026.5,0.0
0,72500,CHOCOLATE,8026,45,8025.0,96.0,,,8027,141,,,,,8026.5,0.0
0,72600,CHOCOLATE,8026,134,,,,,8028,134,,,,,8027.0,0.0
0,72700,CHOCOLATE,8028,42,8027.0,73.0,,,8029,115,,,,,8028.5,0.0
0,72800,CHOCOLATE,8027,37,8026.0,88.0,,,8028,125,,,,,8027.5,0.0
0,72900,CHOCOLATE,8027,35,8026.0,95.0,,,8028,130,,,,,8027.5,0.0
0,73000,CHOCOLATE,8027,108,,,,,8029,108,,,,,8028.0,0.0
0,73100,CHOCOLATE,8028,86,,,,,8029,36,8030.0,50.0,,,8028.5,0.0
0,73200,CHOCOLATE,8027,57,8026.0,85.0,,,8028,57,8029.0,85.0,,,8027.5,0.0
0,73300,CHOCOLATE,8027,161,,,,,8029,161,,,,,8028.0,0.0
0,73400,CHOCOLATE,8029,141,,,,,8030,54,8031.0,87.0,,,8029.5,0.0
0,73500,CHOCOLATE,8029,63,8028.0,94.0,,,8030,63,8031.0,94.0,,,8029.5,0.0
0,73600,CHOCOLATE,8030,38,8029.0,79.0,,,8031,38,8032.0,79.0,,,8030.5,0.0
0,73700,CHOCOLATE,8029,125,,,,,8031,125,,,,,8030.0,0.0
0,73800,CHOCOLATE,8028,50,8027.0,97.0,,,8029,147,,,,,8028.5,0.0
0,73900,CHOCOLATE,8027,117,,,,,8029,117,,,,,8028.0,0.0
0,74000,CHOCOLATE,8027,101,,,,,8029,101,,,,,8028.0,0.0
0,74100,CHOCOLATE,8028,35,8027.0,98.0,,,8029,35,8030.0,98.0,,,8028.5,0.0
0,74200,CHOCOLATE,8028,117,,,,,8030,117,,,,,8029.0,0.0
0,74300,CHOCOLATE,8029,113,,,,,8030,51,8031.0,62.0,,,8029.5,0.0
0,74400,CHOCOLATE,8031,60,8030.0,72.0,,,8032,132,,,,,8031.5,0.0
0,74500,CHOCOLATE,8031,91,,,,,8033,91,,,,,8032.0,0.0
0,74600,CHOCOLATE,8033,41,8032.0,99.0,,,8034,41,8035.0,99.0,,,8033.5,0.0
0,74700,CHOCOLATE,8035,63,8034.0,92.0,,,8036,155,,,,,8035.5,0.0
0,74800,CHOCOLATE,8035,124,,,,,8037,124,,,,,8036.0,0.0
0,74900,CHOCOLATE,8035,54,8034.0,100.0,,,8036,154,,,,,8035.5,0.0
0,75000,CHOCOLATE,8034,89,,,,,8035,38,8036.0,51.0,,,8034.5,0.0
0,75100,CHOCOLATE,8033,42,8032.0,54.0,,,8034,96,,,,,8033.5,0.0
0,75200,CHOCOLATE,8032,126,,,,,8034,126,,,,,8033.0,0.0
0,75300,CHOCOLATE,8033,150,,,,,8034,61,8035.0,89.0,,,8033.5,0.0
0,75400,CHOCOLATE,8031,129,,,,,8033,129,,,,,8032.0,0.0
0,75500,CHOCOLATE,8032,155,,,,,8034,155,,,,,8033.0,0.0
0,75600,CHOCOLATE,8031,132,,,,,8033,132,,,,,8032.0,0.0
0,75700,CHOCOLATE,8031,129,,,,,8032,61,8033.0,68.0,,,8031.5,0.0
0,75800,CHOCOLATE,8032,124,,,,,8034,124,,,,,8033.0,0.0
0,75900,CHOCOLATE,8032,128,,,,,8034,128,,,,,8033.0,0.0
0,76000,CHOCOLATE,8033,51,8032.0,71.0,,,8034,122,,,,,8033.5,0.0
0,76100,CHOCOLATE,8033,119,,,,,8035,119,,,,,8034.0,0.0
0,76200,CHOCOLATE,8035,133,,,,,8036,40,8037.0,93.0,,,8035.5,0.0
0,76300,CHOCOLATE,8034,52,8033.0,90.0,,,8035,142,,,,,8034.5,0.0
0,76400,CHOCOLATE,8032,57,8031.0,56.0,,,8033,57,8034.0,56.0,,,8032.5,0.0
0,76500,CHOCOLATE,8032,65,8031.0,76.0,,,8033,141,,,,,8032.5,0.0
0,76600,CHOCOLATE,8032,157,,,,,8033,61,8034.0,96.0,,,8032.5,0.0
0,76700,CHOCOLATE,8032,122,,,,,8033,53,8034.0,69.0,,,8032.5,0.0
0,76800,CHOCOLATE,8031,61,8030.0,80.0,,,8032,61,8033.0,80.0,,,8031.5,0.0
0,76900,CHOCOLATE,8030,53,8029.0,70.0,,,8031,53,8032.0,70.0,,,8030.5,0.0
0,77000,CHOCOLATE,8030,99,,,,,8032,99,,,,,8031.0,0.0
0,77100,CHOCOLATE,8030,139,,,,,8032,139,,,,,8031.0,0.0
0,77200,CHOCOLATE,8030,101,,,,,8031,47,8032.0,54.0,,,8030.5,0.0
0,77300,CHOCOLATE,8030,35,8029.0,73.0,,,8031,35,8032.0,73.0,,,8030.5,0.0
0,77400,CHOCOLATE,8030,57,8029.0,94.0,,,8031,151,,,,,8030.5,0.0
0,77500,CHOCOLATE,8030,64,8029.0,56.0,,,8031,64,8032.0,56.0,,,8030.5,0.0
0,77600,CHOCOLATE,8031,117,,,,,8032,49,8033.0,68.0,,,8031.5,0.0
0,77700,CHOCOLATE,8031,54,8030.0,50.0,,,8032,54,8033.0,50.0,,,8031.5,0.0
0,77800,CHOCOLATE,8030,124,,,,,8032,124,,,,,8031.0,0.0
0,77900,CHOCOLATE,8029,155,,,,,8031,155,,,,,8030.0,0.0
0,78000,CHOCOLATE,8029,47,8028.0,84.0,,,8030,47,8031.0,84.0,,,8029.5,0.0
0,78100,CHOCOLATE,8029,119,,,,,8030,58,8031.0,61.0,,,8029.5,0.0
0,78200,CHOCOLATE,8029,121,,,,,8030,48,8031.0,73.0,,,8029.5,0.0
0,78300,CHOCOLATE,8030,114,,,,,8032,114,,,,,8031.0,0.0
0,78400,CHOCOLATE,8029,46,8028.0,60.0,,,8030,46,8031.0,60.0,,,8029.5,0.0
0,78500,CHOCOLATE,8029,43,8028.0,78.0,,,8030,43,8031.0,78.0,,,8029.5,0.0
0,78600,CHOCOLATE,8028,103,,,,,8030,103,,,,,8029.0,0.0
0,78700,CHOCOLATE,8029,55,8028.0,71.0,,,8030,126,,,,,8029.5,0.0
0,78800,CHOCOLATE,8027,126,,,,,8029,126,,,,,8028.0,0.0
0,78900,CHOCOLATE,8026,126,,,,,8027,62,8028.0,64.0,,,8026.5,0.0
0,79000,CHOCOLATE,8026,129,,,,,8027,44,8028.0,85.0,,,8026.5,0.0
0,79100,CHOCOLATE,8027,139,,,,,8029,139,,,,,8028.0,0.0
0,79200,CHOCOLATE,8029,47,8028.0,56.0,,,8030,103,,,,,8029.5,0.0
0,79300,CHOCOLATE,8027,48,8026.0,80.0,,,8028,48,8029.0,80.0,,,8027.5,0.0
0,79400,CHOCOLATE,8028,141,,,,,8029,44,8030.0,97.0,,,8028.5,0.0
0,79500,CHOCOLATE,8028,116,,,,,8030,116,,,,,8029.0,0.0
0,79600,CHOCOLATE,8027,59,8026.0,75.0,,,8028,134,,,,,8027.5,0.0
0,79700,CHOCOLATE,8025,139,,,,,8027,139,,,,,8026.0,0.0
0,79800,CHOCOLATE,8027,115,,,,,8028,45,8029.0,70.0,,,8027.5,0.0
0,79900,CHOCOLATE,8028,62,8027.0,50.0,,,8029,62,8030.0,50.0,,,8028.5,0.0
0,80000,CHOCOLATE,8029,42,8028.0,57.0,,,8030,99,,,,,8029.5,0.0
0,80100,CHOCOLATE,8028,57,8027.0,92.0,,,8029,57,8030.0,92.0,,,8028.5,0.0
0,80200,CHOCOLATE,8026,153,,,,,8028,153,,,,,8027.0,0.0
0,80300,CHOCOLATE,8027,59,8026.0,68.0,,,8028,127,,,,,8027.5,0.0
0,80400,CHOCOLATE,8029,59,8028.0,66.0,,,8030,125,,,,,8029.5,0.0
0,80500,CHOCOLATE,8026,103,,,,,8028,103,,,,,8027.0,0.0
0,80600,CHOCOLATE,8025,125,,,,,8027,125,,,,,8026.0,0.0
0,80700,CHOCOLATE,8026,61,8025.0,90.0,,,8027,151,,,,,8026.5,0.0
0,80800,CHOCOLATE,8025,123,,,,,8026,54,8027.0,60.0,,,8025.5,0.0
0,80900,CHOCOLATE,8025,63,8024.0,77.0,,,8026,63,8027.0,77.0,,,8025.5,0.0
0,81000,CHOCOLATE,8023,145,,,,,8025,145,,,,,8024.0,0.0
0,81100,CHOCOLATE,8023,118,,,,,8025,118,,,,,8024.0,0.0
0,81200,CHOCOLATE,8023,127,,,,,8025,127,,,,,8024.0,0.0
0,81300,CHOCOLATE,8023,51,8022.0,82.0,,,8024,51,8025.0,82.0,,,8023.5,0.0
0,81400,CHOCOLATE,8023,113,,,,,8024,62,8025.0,51.0,,,8023.5,0.0
0,81500,CHOCOLATE,8022,47,8021.0,59.0,,,8023,106,,,,,8022.5,0.0
0,81600,CHOCOLATE,8021,164,,,,,8022,64,8023.0,100.0,,,8021.5,0.0
0,81700,CHOCOLATE,8022,48,8021.0,87.0,,,8023,135,,,,,8022.5,0.0
0,81800,CHOCOLATE,8021,134,,,,,8022,47,8023.0,87.0,,,8021.5,0.0
0,81900,CHOCOLATE,8021,108,,,,,8022,51,8023.0,57.0,,,8021.5,0.0
0,82000,CHOCOLATE,8021,126,,,,,8023,126,,,,,8022.0,0.0
0,82100,CHOCOLATE,8020,119,,,,,8022,119,,,,,8021.0,0.0
0,82200,CHOCOLATE,8021,141,,,,,8023,141,,,,,8022.0,0.0
0,82300,CHOCOLATE,8021,53,8020.0,72.0,,,8022,53,8023.0,72.0,,,8021.5,0.0
0,82400,CHOCOLATE,8020,127,,,,,8021,39,8022.0,88.0,,,8020.5,0.0
0,82500,CHOCOLATE,8020,50,8019.0,59.0,,,8021,109,,,,,8020.5,0.0
0,82600,CHOCOLATE,8021,36,8020.0,60.0,,,8022,36,8023.0,60.0,,,8021.5,0.0
0,82700,CHOCOLATE,8019,156,,,,,8021,156,,,,,8020.0,0.0
0,82800,CHOCOLATE,8017,113,,,,,8019,113,,,,,8018.0,0.0
0,82900,CHOCOLATE,8020,125,,,,,8021,38,8022.0,87.0,,,8020.5,0.0
0,83000,CHOCOLATE,8020,130,,,,,8022,130,,,,,8021.0,0.0
0,83100,CHOCOLATE,8021,99,,,,,8022,41,8023.0,58.0,,,8021.5,0.0
0,83200,CHOCOLATE,8023,48,8022.0,54.0,,,8024,48,8025.0,54.0,,,8023.5,0.0
0,83300,CHOCOLATE,8024,35,8023.0,52.0,,,8025,35,8026.0,52.0,,,8024.5,0.0
0,83400,CHOCOLATE,8025,114,,,,,8026,54,8027.0,60.0,,,8025.5,0.0
0,83500,CHOCOLATE,8025,36,8024.0,60.0,,,8026,96,,,,,8025.5,0.0
0,83600,CHOCOLATE,8025,46,8024.0,79.0,,,8026,46,8027.0,79.0,,,8025.5,0.0
0,83700,CHOCOLATE,8026,115,,,,,8028,115,,,,,8027.0,0.0
0,83800,CHOCOLATE,8025,140,,,,,8027,150,,,,,8026.0,0.0
0,83900,CHOCOLATE,8025,48,8024.0,60.0,,,8026,48,8027.0,60.0,,,8025.5,0.0
0,84000,CHOCOLATE,8024,128,,,,,8026,128,,,,,8025.0,0.0
0,84100,CHOCOLATE,8024,114,,,,,8025,52,8026.0,62.0,,,8024.5,0.0
0,84200,CHOCOLATE,8026,52,8025.0,69.0,,,8027,52,8028.0,69.0,,,8026.5,0.0
0,84300,CHOCOLATE,8028,62,8027.0,98.0,,,8029,160,,,,,8028.5,0.0
0,84400,CHOCOLATE,8028,121,,,,,8029,57,8030.0,64.0,,,8028.5,0.0
0,84500,CHOCOLATE,8027,62,8026.0,76.0,,,8028,62,8029.0,76.0,,,8027.5,0.0
0,84600,CHOCOLATE,8027,127,,,,,8029,127,,,,,8028.0,0.0
0,84700,CHOCOLATE,8027,37,8026.0,56.0,,,8028,93,,,,,8027.5,0.0
0,84800,CHOCOLATE,8026,164,,,,,8027,64,8028.0,100.0,,,8026.5,0.0
0,84900,CHOCOLATE,8027,104,,,,,8029,104,,,,,8028.0,0.0
0,85000,CHOCOLATE,8027,61,8026.0,70.0,,,8028,131,,,,,8027.5,0.0
0,85100,CHOCOLATE,8028,111,,,,,8030,111,,,,,8029.0,0.0
0,85200,CHOCOLATE,8027,46,8026.0,95.0,,,8028,46,8029.0,95.0,,,8027.5,0.0
0,85300,CHOCOLATE,8025,111,,,,,8026,48,8027.0,63.0,,,8025.5,0.0
0,85400,CHOCOLATE,8024,152,,,,,8025,53,8026.0,99.0,,,8024.5,0.0
0,85500,CHOCOLATE,8024,55,8023.0,61.0,,,8025,116,,,,,8024.5,0.0
0,85600,CHOCOLATE,8024,135,,,,,8025,40,8026.0,95.0,,,8024.5,0.0
0,85700,CHOCOLATE,8024,99,,,,,8026,99,,,,,8025.0,0.0
0,85800,CHOCOLATE,8024,35,8023.0,70.0,,,8025,35,8026.0,70.0,,,8024.5,0.0
0,85900,CHOCOLATE,8024,134,,,,,8026,134,,,,,8025.0,0.0
0,86000,CHOCOLATE,8026,113,,,,,8027,44,8028.0,69.0,,,8026.5,0.0
0,86100,CHOCOLATE,8026,45,8025.0,60.0,,,8027,51,8028.0,60.0,,,8026.5,0.0
0,86200,CHOCOLATE,8024,52,8023.0,91.0,,,8025,52,8026.0,91.0,,,8024.5,0.0
0,86300,CHOCOLATE,8024,45,8023.0,75.0,,,8025,45,8026.0,75.0,,,8024.5,0.0
0,86400,CHOCOLATE,8024,97,,,,,8026,97,,,,,8025.0,0.0
0,86500,CHOCOLATE,8024,89,,,,,8026,89,,,,,8025.0,0.0
0,86600,CHOCOLATE,8024,108,,,,,8026,108,,,,,8025.0,0.0
0,86700,CHOCOLATE,8025,148,,,,,8027,148,,,,,8026.0,0.0
0,86800,CHOCOLATE,8024,112,,,,,8026,112,,,,,8025.0,0.0
0,86900,CHOCOLATE,8025,114,,,,,8026,62,8027.0,52.0,,,8025.5,0.0
0,87000,CHOCOLATE,8025,47,8024.0,90.0,,,8026,137,,,,,8025.5,0.0
0,87100,CHOCOLATE,8024,138,,,,,8026,138,,,,,8025.0,0.0
0,87200,CHOCOLATE,8025,127,,,,,8027,127,,,,,8026.0,0.0
0,87300,CHOCOLATE,8024,147,,,,,8026,156,,,,,8025.0,0.0
0,87400,CHOCOLATE,8024,101,,,,,8026,101,,,,,8025.0,0.0
0,87500,CHOCOLATE,8024,158,,,,,8026,158,,,,,8025.0,0.0
0,87600,CHOCOLATE,8025,118,,,,,8026,40,8027.0,78.0,,,8025.5,0.0
0,87700,CHOCOLATE,8024,133,,,,,8026,133,,,,,8025.0,0.0
0,87800,CHOCOLATE,8023,54,8022.0,78.0,,,8024,132,,,,,8023.5,0.0
0,87900,CHOCOLATE,8023,121,,,,,8025,121,,,,,8024.0,0.0
0,88000,CHOCOLATE,8023,138,,,,,8025,138,,,,,8024.0,0.0
0,88100,CHOCOLATE,8022,116,,,,,8024,116,,,,,8023.0,0.0
0,88200,CHOCOLATE,8023,44,8022.0,75.0,,,8024,44,8025.0,75.0,,,8023.5,0.0
0,88300,CHOCOLATE,8021,115,,,,,8023,115,,,,,8022.0,0.0
0,88400,CHOCOLATE,8021,96,,,,,8023,96,,,,,8022.0,0.0
0,88500,CHOCOLATE,8022,63,8021.0,58.0,,,8023,63,8024.0,58.0,,,8022.5,0.0
0,88600,CHOCOLATE,8021,100,,,,,8023,100,,,,,8022.0,0.0
0,88700,CHOCOLATE,8023,54,8022.0,50.0,,,8024,54,8025.0,50.0,,,8023.5,0.0
0,88800,CHOCOLATE,8023,111,,,,,8024,60,8025.0,51.0,,,8023.5,0.0
0,88900,CHOCOLATE,8022,107,,,,,8024,107,,,,,8023.0,0.0
0,89000,CHOCOLATE,8022,102,,,,,8023,45,8024.0,57.0,,,8022.5,0.0
0,89100,CHOCOLATE,8020,134,,,,,8022,134,,,,,8021.0,0.0
0,89200,CHOCOLATE,8021,120,,,,,8023,120,,,,,8022.0,0.0
0,89300,CHOCOLATE,8021,64,8020.0,65.0,,,8022,64,8023.0,65.0,,,8021.5,0.0
0,89400,CHOCOLATE,8022,55,8021.0,70.0,,,8023,55,8024.0,70.0,,,8022.5,0.0
0,89500,CHOCOLATE,8023,120,,,,,8025,113,,,,,8024.0,0.0
0,89600,CHOCOLATE,8024,64,8023.0,62.0,,,8025,64,8026.0,62.0,,,8024.5,0.0
0,89700,CHOCOLATE,8025,137,,,,,8026,44,8027.0,93.0,,,8025.5,0.0
0,89800,CHOCOLATE,8027,61,8026.0,61.0,,,8028,61,8029.0,61.0,,,8027.5,0.0
0,89900,CHOCOLATE,8026,147,,,,,8027,47,8028.0,100.0,,,8026.5,0.0
0,90000,CHOCOLATE,8027,143,,,,,8029,143,,,,,8028.0,0.0
0,90100,CHOCOLATE,8026,97,,,,,8028,97,,,,,8027.0,0.0
0,90200,CHOCOLATE,8026,116,,,,,8027,40,8028.0,76.0,,,8026.5,0.0
0,90300,CHOCOLATE,8026,133,,,,,8028,133,,,,,8027.0,0.0
0,90400,CHOCOLATE,8025,125,,,,,8026,40,8027.0,85.0,,,8025.5,0.0
0,90500,CHOCOLATE,8025,93,,,,,8026,43,8027.0,50.0,,,8025.5,0.0
0,90600,CHOCOLATE,8027,52,8026.0,94.0,,,8028,146,,,,,8027.5,0.0
0,90700,CHOCOLATE,8026,44,8025.0,51.0,,,8027,95,,,,,8026.5,0.0
0,90800,CHOCOLATE,8026,134,,,,,8027,43,8028.0,91.0,,,8026.5,0.0
0,90900,CHOCOLATE,8025,130,,,,,8026,40,8027.0,90.0,,,8025.5,0.0
0,91000,CHOCOLATE,8024,153,,,,,8025,53,8026.0,100.0,,,8024.5,0.0
0,91100,CHOCOLATE,8023,43,8022.0,90.0,,,8024,126,,,,,8023.5,0.0
0,91200,CHOCOLATE,8023,138,,,,,8025,138,,,,,8024.0,0.0
0,91300,CHOCOLATE,8024,126,,,,,8025,58,8026.0,68.0,,,8024.5,0.0
0,91400,CHOCOLATE,8023,53,8022.0,64.0,,,8024,53,8025.0,64.0,,,8023.5,0.0
0,91500,CHOCOLATE,8025,35,8024.0,83.0,,,8026,35,8027.0,83.0,,,8025.5,0.0
0,91600,CHOCOLATE,8024,65,8023.0,92.0,,,8025,157,,,,,8024.5,0.0
0,91700,CHOCOLATE,8023,135,,,,,8025,135,,,,,8024.0,0.0
0,91800,CHOCOLATE,8025,56,8024.0,53.0,,,8026,109,,,,,8025.5,0.0
0,91900,CHOCOLATE,8023,94,,,,,8024,37,8025.0,57.0,,,8023.5,0.0
0,92000,CHOCOLATE,8023,36,8022.0,95.0,,,8024,36,8025.0,95.0,,,8023.5,0.0
0,92100,CHOCOLATE,8023,52,8022.0,78.0,,,8024,52,8025.0,78.0,,,8023.5,0.0
0,92200,CHOCOLATE,8022,155,,,,,8024,155,,,,,8023.0,0.0
0,92300,CHOCOLATE,8022,101,,,,,8024,101,,,,,8023.0,0.0
0,92400,CHOCOLATE,8023,124,,,,,8025,124,,,,,8024.0,0.0
0,92500,CHOCOLATE,8025,58,8024.0,66.0,,,8026,124,,,,,8025.5,0.0
0,92600,CHOCOLATE,8026,53,8025.0,70.0,,,8027,123,,,,,8026.5,0.0
0,92700,CHOCOLATE,8024,121,,,,,8026,121,,,,,8025.0,0.0
0,92800,CHOCOLATE,8024,161,,,,,8026,161,,,,,8025.0,0.0
0,92900,CHOCOLATE,8023,122,,,,,8025,122,,,,,8024.0,0.0
0,93000,CHOCOLATE,8024,42,8023.0,74.0,,,8025,116,,,,,8024.5,0.0
0,93100,CHOCOLATE,8023,63,8022.0,59.0,,,8024,63,8025.0,59.0,,,8023.5,0.0
0,93200,CHOCOLATE,8023,131,,,,,8025,131,,,,,8024.0,0.0
0,93300,CHOCOLATE,8023,47,8022.0,85.0,,,8024,132,,,,,8023.5,0.0
0,93400,CHOCOLATE,8022,99,,,,,8024,99,,,,,8023.0,0.0
0,93500,CHOCOLATE,8021,121,,,,,8023,121,,,,,8022.0,0.0
0,93600,CHOCOLATE,8022,53,8021.0,74.0,,,8023,63,8024.0,74.0,,,8022.5,0.0
0,93700,CHOCOLATE,8019,89,,,,,8021,89,,,,,8020.0,0.0
0,93800,CHOCOLATE,8019,116,,,,,8020,59,8021.0,57.0,,,8019.5,0.0
0,93900,CHOCOLATE,8019,48,8018.0,87.0,,,8020,48,8021.0,87.0,,,8019.5,0.0
0,94000,CHOCOLATE,8019,49,8018.0,83.0,,,8020,132,,,,,8019.5,0.0
0,94100,CHOCOLATE,8020,126,,,,,8022,126,,,,,8021.0,0.0
0,94200,CHOCOLATE,8020,65,8019.0,55.0,,,8021,65,8022.0,55.0,,,8020.5,0.0
0,94300,CHOCOLATE,8019,51,8018.0,98.0,,,8020,149,,,,,8019.5,0.0
0,94400,CHOCOLATE,8019,35,8018.0,71.0,,,8020,106,,,,,8019.5,0.0
0,94500,CHOCOLATE,8019,113,,,,,8020,55,8021.0,58.0,,,8019.5,0.0
0,94600,CHOCOLATE,8019,111,,,,,8020,39,8021.0,72.0,,,8019.5,0.0
0,94700,CHOCOLATE,8019,149,,,,,8021,149,,,,,8020.0,0.0
0,94800,CHOCOLATE,8018,128,,,,,8020,128,,,,,8019.0,0.0
0,94900,CHOCOLATE,8018,150,,,,,8020,150,,,,,8019.0,0.0
0,95000,CHOCOLATE,8018,43,8017.0,53.0,,,8019,96,,,,,8018.5,0.0
0,95100,CHOCOLATE,8018,131,,,,,8020,131,,,,,8019.0,0.0
0,95200,CHOCOLATE,8020,143,,,,,8022,143,,,,,8021.0,0.0
0,95300,CHOCOLATE,8021,110,,,,,8023,110,,,,,8022.0,0.0
0,95400,CHOCOLATE,8019,105,,,,,8020,54,8021.0,51.0,,,8019.5,0.0
0,95500,CHOCOLATE,8020,125,,,,,8021,43,8022.0,82.0,,,8020.5,0.0
0,95600,CHOCOLATE,8019,150,,,,,8021,150,,,,,8020.0,0.0
0,95700,CHOCOLATE,8019,138,,,,,8020,57,8021.0,81.0,,,8019.5,0.0
0,95800,CHOCOLATE,8018,123,,,,,8019,55,8020.0,68.0,,,8018.5,0.0
0,95900,CHOCOLATE,8019,135,,,,,8020,40,8021.0,95.0,,,8019.5,0.0
0,96000,CHOCOLATE,8017,139,,,,,8019,139,,,,,8018.0,0.0
0,96100,CHOCOLATE,8018,36,8017.0,65.0,,,8019,36,8020.0,65.0,,,8018.5,0.0
0,96200,CHOCOLATE,8017,47,8016.0,89.0,,,8018,136,,,,,8017.5,0.0
0,96300,CHOCOLATE,8017,133,,,,,8018,8,8019.0,133.0,,,8017.5,0.0
0,96400,CHOCOLATE,8017,144,,,,,8019,144,,,,,8018.0,0.0
0,96500,CHOCOLATE,8015,48,8014.0,68.0,,,8016,48,8017.0,68.0,,,8015.5,0.0
0,96600,CHOCOLATE,8017,137,,,,,8018,58,8019.0,79.0,,,8017.5,0.0
0,96700,CHOCOLATE,8017,135,,,,,8019,135,,,,,8018.0,0.0
0,96800,CHOCOLATE,8019,44,8018.0,89.0,,,8020,133,,,,,8019.5,0.0
0,96900,CHOCOLATE,8018,119,,,,,8020,119,,,,,8019.0,0.0
0,97000,CHOCOLATE,8018,41,8017.0,78.0,,,8019,36,8020.0,78.0,,,8018.5,0.0
0,97100,CHOCOLATE,8017,46,8016.0,51.0,,,8018,46,8019.0,51.0,,,8017.5,0.0
0,97200,CHOCOLATE,8018,124,,,,,8019,40,8020.0,84.0,,,8018.5,0.0
0,97300,CHOCOLATE,8019,93,,,,,8020,41,8021.0,52.0,,,8019.5,0.0
0,97400,CHOCOLATE,8019,142,,,,,8021,142,,,,,8020.0,0.0
0,97500,CHOCOLATE,8021,139,,,,,8022,64,8023.0,75.0,,,8021.5,0.0
0,97600,CHOCOLATE,8022,49,8021.0,56.0,,,8023,105,,,,,8022.5,0.0
0,97700,CHOCOLATE,8022,46,8021.0,67.0,,,8023,46,8024.0,67.0,,,8022.5,0.0
0,97800,CHOCOLATE,8022,92,,,,,8024,92,,,,,8023.0,0.0
0,97900,CHOCOLATE,8024,42,8023.0,90.0,,,8025,132,,,,,8024.5,0.0
0,98000,CHOCOLATE,8023,126,,,,,8025,126,,,,,8024.0,0.0
0,98100,CHOCOLATE,8021,149,,,,,8023,149,,,,,8022.0,0.0
0,98200,CHOCOLATE,8023,59,8022.0,64.0,,,8024,59,8025.0,64.0,,,8023.5,0.0
0,98300,CHOCOLATE,8024,122,,,,,8026,122,,,,,8025.0,0.0
0,98400,CHOCOLATE,8024,36,8023.0,79.0,,,8025,115,,,,,8024.5,0.0
0,98500,CHOCOLATE,8023,102,,,,,8025,102,,,,,8024.0,0.0
0,98600,CHOCOLATE,8024,45,8023.0,84.0,,,8025,129,,,,,8024.5,0.0
0,98700,CHOCOLATE,8023,128,,,,,8025,128,,,,,8024.0,0.0
0,98800,CHOCOLATE,8022,146,,,,,8024,146,,,,,8023.0,0.0
0,98900,CHOCOLATE,8023,134,,,,,8024,51,8025.0,83.0,,,8023.5,0.0
0,99000,CHOCOLATE,8024,37,8023.0,74.0,,,8025,111,,,,,8024.5,0.0
0,99100,CHOCOLATE,8026,146,,,,,8027,65,8028.0,81.0,,,8026.5,0.0
0,99200,CHOCOLATE,8027,112,,,,,8029,112,,,,,8028.0,0.0
0,99300,CHOCOLATE,8029,52,8028.0,55.0,,,8030,107,,,,,8029.5,0.0
0,99400,CHOCOLATE,8029,100,,,,,8030,9,8031.0,100.0,,,8029.5,0.0
0,99500,CHOCOLATE,8030,101,,,,,8031,47,8032.0,54.0,,,8030.5,0.0
0,99600,CHOCOLATE,8029,122,,,,,8031,122,,,,,8030.0,0.0
0,99700,CHOCOLATE,8029,65,8028.0,50.0,,,8030,115,,,,,8029.5,0.0
0,99800,CHOCOLATE,8028,124,,,,,8030,124,,,,,8029.0,0.0
0,99900,CHOCOLATE,8029,42,8028.0,98.0,,,8030,140,,,,,8029.5,0.0
0,100000,CHOCOLATE,8029,121,,,,,8031,121,,,,,8030.0,0.0
0,100100,CHOCOLATE,8029,39,8028.0,77.0,,,8030,116,,,,,8029.5,0.0
0,100200,CHOCOLATE,8029,131,,,,,8031,131,,,,,8030.0,0.0
0,100300,CHOCOLATE,8029,126,,,,,8031,126,,,,,8030.0,0.0
0,100400,CHOCOLATE,8028,37,8027.0,88.0,,,8029,37,8030.0,88.0,,,8028.5,0.0
0,100500,CHOCOLATE,8027,133,,,,,8028,39,8029.0,94.0,,,8027.5,0.0
0,100600,CHOCOLATE,8025,42,8024.0,94.0,,,8026,136,,,,,8025.5,0.0
0,100700,CHOCOLATE,8024,102,,,,,8025,39,8026.0,63.0,,,8024.5,0.0
0,100800,CHOCOLATE,8025,104,,,,,8027,104,,,,,8026.0,0.0
0,100900,CHOCOLATE,8025,60,8024.0,97.0,,,8026,60,8027.0,97.0,,,8025.5,0.0
0,101000,CHOCOLATE,8024,111,,,,,8026,111,,,,,8025.0,0.0
0,101100,CHOCOLATE,8024,47,8023.0,95.0,,,8025,142,,,,,8024.5,0.0
0,101200,CHOCOLATE,8025,65,8024.0,85.0,,,8026,65,8027.0,85.0,,,8025.5,0.0
0,101300,CHOCOLATE,8025,132,,,,,8027,132,,,,,8026.0,0.0
0,101400,CHOCOLATE,8026,58,8025.0,86.0,,,8027,144,,,,,8026.5,0.0
0,101500,CHOCOLATE,8024,132,,,,,8025,38,8026.0,94.0,,,8024.5,0.0
0,101600,CHOCOLATE,8024,131,,,,,8026,131,,,,,8025.0,0.0
0,101700,CHOCOLATE,8025,53,8024.0,54.0,,,8026,107,,,,,8025.5,0.0
0,101800,CHOCOLATE,8024,55,8023.0,100.0,,,8025,55,8026.0,100.0,,,8024.5,0.0
0,101900,CHOCOLATE,8026,55,8025.0,94.0,,,8027,55,8028.0,94.0,,,8026.5,0.0
0,102000,CHOCOLATE,8027,42,8026.0,97.0,,,8028,139,,,,,8027.5,0.0
0,102100,CHOCOLATE,8026,98,,,,,8028,98,,,,,8027.0,0.0
0,102200,CHOCOLATE,8025,130,,,,,8027,130,,,,,8026.0,0.0
0,102300,CHOCOLATE,8027,132,,,,,8029,132,,,,,8028.0,0.0
0,102400,CHOCOLATE,8026,128,,,,,8028,128,,,,,8027.0,0.0
0,102500,CHOCOLATE,8028,47,8027.0,72.0,,,8029,119,,,,,8028.5,0.0
0,102600,CHOCOLATE,8029,59,8028.0,79.0,,,8030,59,8031.0,79.0,,,8029.5,0.0
0,102700,CHOCOLATE,8028,118,,,,,8030,118,,,,,8029.0,0.0
0,102800,CHOCOLATE,8028,138,,,,,8030,138,,,,,8029.0,0.0
0,102900,CHOCOLATE,8027,65,8026.0,99.0,,,8028,164,,,,,8027.5,0.0
0,103000,CHOCOLATE,8027,133,,,,,8029,133,,,,,8028.0,0.0
0,103100,CHOCOLATE,8026,118,,,,,8028,118,,,,,8027.0,0.0
0,103200,CHOCOLATE,8028,57,8027.0,74.0,,,8029,57,8030.0,74.0,,,8028.5,0.0
0,103300,CHOCOLATE,8027,136,,,,,8028,55,8029.0,81.0,,,8027.5,0.0
0,103400,CHOCOLATE,8028,100,,,,,8029,41,8030.0,59.0,,,8028.5,0.0
0,103500,CHOCOLATE,8026,128,,,,,8028,128,,,,,8027.0,0.0
0,103600,CHOCOLATE,8029,119,,,,,8031,119,,,,,8030.0,0.0
0,103700,CHOCOLATE,8029,123,,,,,8031,123,,,,,8030.0,0.0
0,103800,CHOCOLATE,8028,44,8027.0,88.0,,,8029,44,8030.0,88.0,,,8028.5,0.0
0,103900,CHOCOLATE,8028,46,8027.0,51.0,,,8029,97,,,,,8028.5,0.0
0,104000,CHOCOLATE,8028,141,,,,,8030,141,,,,,8029.0,0.0
0,104100,CHOCOLATE,8029,125,,,,,8031,125,,,,,8030.0,0.0
0,104200,CHOCOLATE,8029,53,8028.0,75.0,,,8030,53,8031.0,75.0,,,8029.5,0.0
0,104300,CHOCOLATE,8031,108,,,,,8033,108,,,,,8032.0,0.0
0,104400,CHOCOLATE,8031,43,8030.0,73.0,,,8032,116,,,,,8031.5,0.0
0,104500,CHOCOLATE,8032,143,,,,,8033,48,8034.0,95.0,,,8032.5,0.0
0,104600,CHOCOLATE,8031,154,,,,,8033,154,,,,,8032.0,0.0
0,104700,CHOCOLATE,8033,52,8032.0,55.0,,,8034,52,8035.0,55.0,,,8033.5,0.0
0,104800,CHOCOLATE,8032,151,,,,,8034,151,,,,,8033.0,0.0
0,104900,CHOCOLATE,8033,98,,,,,8034,44,8035.0,54.0,,,8033.5,0.0
0,105000,CHOCOLATE,8033,120,,,,,8035,120,,,,,8034.0,0.0
0,105100,CHOCOLATE,8032,49,8031.0,83.0,,,8033,132,,,,,8032.5,0.0
0,105200,CHOCOLATE,8030,145,,,,,8032,145,,,,,8031.0,0.0
0,105300,CHOCOLATE,8030,37,8029.0,76.0,,,8031,37,8032.0,76.0,,,8030.5,0.0
0,105400,CHOCOLATE,8029,38,8028.0,100.0,,,8030,38,8031.0,100.0,,,8029.5,0.0
0,105500,CHOCOLATE,8029,54,8028.0,53.0,,,8030,54,8031.0,53.0,,,8029.5,0.0
0,105600,CHOCOLATE,8029,105,,,,,8031,105,,,,,8030.0,0.0
0,105700,CHOCOLATE,8029,140,,,,,8031,140,,,,,8030.0,0.0
0,105800,CHOCOLATE,8030,106,,,,,8032,106,,,,,8031.0,0.0
0,105900,CHOCOLATE,8028,126,,,,,8029,40,8030.0,86.0,,,8028.5,0.0
0,106000,CHOCOLATE,8028,88,,,,,8029,37,8030.0,51.0,,,8028.5,0.0
0,106100,CHOCOLATE,8025,107,,,,,8026,37,8027.0,70.0,,,8025.5,0.0
0,106200,CHOCOLATE,8025,57,8024.0,78.0,,,8026,135,,,,,8025.5,0.0
0,106300,CHOCOLATE,8024,150,,,,,8026,150,,,,,8025.0,0.0
0,106400,CHOCOLATE,8023,62,8022.0,69.0,,,8024,131,,,,,8023.5,0.0
0,106500,CHOCOLATE,8022,100,,,,,8024,100,,,,,8023.0,0.0
0,106600,CHOCOLATE,8022,61,8021.0,67.0,,,8023,61,8024.0,67.0,,,8022.5,0.0
0,106700,CHOCOLATE,8020,156,,,,,8022,156,,,,,8021.0,0.0
0,106800,CHOCOLATE,8022,46,8021.0,65.0,,,8023,46,8024.0,65.0,,,8022.5,0.0
0,106900,CHOCOLATE,8022,126,,,,,8024,126,,,,,8023.0,0.0
0,107000,CHOCOLATE,8023,41,8022.0,87.0,,,8024,41,8025.0,87.0,,,8023.5,0.0
0,107100,CHOCOLATE,8022,53,8021.0,66.0,,,8023,53,8024.0,66.0,,,8022.5,0.0
0,107200,CHOCOLATE,8022,96,,,,,8024,96,,,,,8023.0,0.0
0,107300,CHOCOLATE,8025,64,8024.0,70.0,,,8026,134,,,,,8025.5,0.0
0,107400,CHOCOLATE,8026,58,8025.0,96.0,,,8027,58,8028.0,96.0,,,8026.5,0.0
0,107500,CHOCOLATE,8023,114,,,,,8025,114,,,,,8024.0,0.0
0,107600,CHOCOLATE,8021,122,,,,,8023,122,,,,,8022.0,0.0
0,107700,CHOCOLATE,8023,142,,,,,8024,46,8025.0,96.0,,,8023.5,0.0
0,107800,CHOCOLATE,8023,101,,,,,8025,101,,,,,8024.0,0.0
0,107900,CHOCOLATE,8024,39,8023.0,65.0,,,8025,104,,,,,8024.5,0.0
0,108000,CHOCOLATE,8024,143,,,,,8026,143,,,,,8025.0,0.0
0,108100,CHOCOLATE,8025,52,8024.0,77.0,,,8026,52,8027.0,77.0,,,8025.5,0.0
0,108200,CHOCOLATE,8024,118,,,,,8026,118,,,,,8025.0,0.0
0,108300,CHOCOLATE,8026,65,8025.0,62.0,,,8027,65,8028.0,62.0,,,8026.5,0.0
0,108400,CHOCOLATE,8026,122,,,,,8028,122,,,,,8027.0,0.0
0,108500,CHOCOLATE,8026,107,,,,,8027,54,8028.0,53.0,,,8026.5,0.0
0,108600,CHOCOLATE,8026,54,8025.0,87.0,,,8027,54,8028.0,87.0,,,8026.5,0.0
0,108700,CHOCOLATE,8027,49,8026.0,93.0,,,8028,49,8029.0,93.0,,,8027.5,0.0
0,108800,CHOCOLATE,8029,132,,,,,8031,132,,,,,8030.0,0.0
0,108900,CHOCOLATE,8029,143,,,,,8031,143,,,,,8030.0,0.0
0,109000,CHOCOLATE,8030,129,,,,,8031,41,8032.0,88.0,,,8030.5,0.0
0,109100,CHOCOLATE,8029,121,,,,,8031,121,,,,,8030.0,0.0
0,109200,CHOCOLATE,8028,156,,,,,8030,156,,,,,8029.0,0.0
0,109300,CHOCOLATE,8028,117,,,,,8029,43,8030.0,74.0,,,8028.5,0.0
0,109400,CHOCOLATE,8027,59,8026.0,79.0,,,8028,59,8029.0,79.0,,,8027.5,0.0
0,109500,CHOCOLATE,8027,127,,,,,8029,127,,,,,8028.0,0.0
0,109600,CHOCOLATE,8028,61,8027.0,59.0,,,8029,120,,,,,8028.5,0.0
0,109700,CHOCOLATE,8029,124,,,,,8030,52,8031.0,72.0,,,8029.5,0.0
0,109800,CHOCOLATE,8028,95,,,,,8030,95,,,,,8029.0,0.0
0,109900,CHOCOLATE,8028,58,8027.0,72.0,,,8029,58,8030.0,72.0,,,8028.5,0.0
0,110000,CHOCOLATE,8029,63,8028.0,70.0,,,8030,63,8031.0,70.0,,,8029.5,0.0
0,110100,CHOCOLATE,8028,146,,,,,8030,146,,,,,8029.0,0.0
0,110200,CHOCOLATE,8029,130,,,,,8030,62,8031.0,68.0,,,8029.5,0.0
0,110300,CHOCOLATE,8029,126,,,,,8031,126,,,,,8030.0,0.0
0,110400,CHOCOLATE,8029,119,,,,,8031,119,,,,,8030.0,0.0
0,110500,CHOCOLATE,8029,126,,,,,8031,126,,,,,8030.0,0.0
0,110600,CHOCOLATE,8028,116,,,,,8030,116,,,,,8029.0,0.0
0,110700,CHOCOLATE,8031,37,8030.0,72.0,,,8032,37,8033.0,72.0,,,8031.5,0.0
0,110800,CHOCOLATE,8031,56,8030.0,79.0,,,8032,135,,,,,8031.5,0.0
0,110900,CHOCOLATE,8032,112,,,,,8034,112,,,,,8033.0,0.0
0,111000,CHOCOLATE,8031,109,,,,,8033,109,,,,,8032.0,0.0
0,111100,CHOCOLATE,8031,45,8030.0,77.0,,,8032,45,8033.0,77.0,,,8031.5,0.0
0,111200,CHOCOLATE,8030,135,,,,,8031,61,8032.0,74.0,,,8030.5,0.0
0,111300,CHOCOLATE,8029,45,8028.0,60.0,,,8030,105,,,,,8029.5,0.0
0,111400,CHOCOLATE,8029,109,,,,,8030,44,8031.0,65.0,,,8029.5,0.0
0,111500,CHOCOLATE,8030,59,8029.0,68.0,,,8031,59,8032.0,68.0,,,8030.5,0.0
0,111600,CHOCOLATE,8028,147,,,,,8029,65,8030.0,82.0,,,8028.5,0.0
0,111700,CHOCOLATE,8029,5,8028.0,127.0,,,8030,127,,,,,8029.5,0.0
0,111800,CHOCOLATE,8028,54,8027.0,56.0,,,8029,54,8030.0,56.0,,,8028.5,0.0
0,111900,CHOCOLATE,8027,100,,,,,8028,39,8029.0,61.0,,,8027.5,0.0
0,112000,CHOCOLATE,8028,144,,,,,8030,144,,,,,8029.0,0.0
0,112100,CHOCOLATE,8028,109,,,,,8030,109,,,,,8029.0,0.0
0,112200,CHOCOLATE,8027,37,8026.0,61.0,,,8028,37,8029.0,61.0,,,8027.5,0.0
0,112300,CHOCOLATE,8026,160,,,,,8028,160,,,,,8027.0,0.0
0,112400,CHOCOLATE,8025,96,,,,,8027,96,,,,,8026.0,0.0
0,112500,CHOCOLATE,8024,132,,,,,8025,35,8026.0,97.0,,,8024.5,0.0
0,112600,CHOCOLATE,8022,140,,,,,8024,140,,,,,8023.0,0.0
0,112700,CHOCOLATE,8020,119,,,,,8022,119,,,,,8021.0,0.0
0,112800,CHOCOLATE,8022,116,,,,,8024,116,,,,,8023.0,0.0
0,112900,CHOCOLATE,8022,119,,,,,8024,119,,,,,8023.0,0.0
0,113000,CHOCOLATE,8023,138,,,,,8025,138,,,,,8024.0,0.0
0,113100,CHOCOLATE,8023,43,8022.0,80.0,,,8024,43,8025.0,80.0,,,8023.5,0.0
0,113200,CHOCOLATE,8023,124,,,,,8024,38,8025.0,86.0,,,8023.5,0.0
0,113300,CHOCOLATE,8022,119,,,,,8024,119,,,,,8023.0,0.0
0,113400,CHOCOLATE,8022,44,8021.0,72.0,,,8023,116,,,,,8022.5,0.0
0,113500,CHOCOLATE,8020,121,,,,,8022,121,,,,,8021.0,0.0
0,113600,CHOCOLATE,8022,54,8021.0,58.0,,,8023,112,,,,,8022.5,0.0
0,113700,CHOCOLATE,8022,57,8021.0,85.0,,,8023,142,,,,,8022.5,0.0
0,113800,CHOCOLATE,8020,123,,,,,8022,123,,,,,8021.0,0.0
0,113900,CHOCOLATE,8023,38,8022.0,56.0,,,8024,38,8025.0,56.0,,,8023.5,0.0
0,114000,CHOCOLATE,8023,97,,,,,8025,97,,,,,8024.0,0.0
0,114100,CHOCOLATE,8024,62,8023.0,78.0,,,8025,62,8026.0,78.0,,,8024.5,0.0
0,114200,CHOCOLATE,8024,57,8023.0,67.0,,,8025,124,,,,,8024.5,0.0
0,114300,CHOCOLATE,8025,131,,,,,8026,50,8027.0,81.0,,,8025.5,0.0
0,114400,CHOCOLATE,8025,138,,,,,8026,63,8027.0,75.0,,,8025.5,0.0
0,114500,CHOCOLATE,8026,130,,,,,8028,130,,,,,8027.0,0.0
0,114600,CHOCOLATE,8024,127,,,,,8026,127,,,,,8025.0,0.0
0,114700,CHOCOLATE,8025,130,,,,,8026,47,8027.0,83.0,,,8025.5,0.0
0,114800,CHOCOLATE,8025,51,8024.0,65.0,,,8026,51,8027.0,65.0,,,8025.5,0.0
0,114900,CHOCOLATE,8027,36,8026.0,94.0,,,8028,130,,,,,8027.5,0.0
0,115000,CHOCOLATE,8028,52,8027.0,93.0,,,8029,52,8030.0,93.0,,,8028.5,0.0
0,115100,CHOCOLATE,8031,58,8030.0,73.0,,,8032,131,,,,,8031.5,0.0
0,115200,CHOCOLATE,8030,41,8029.0,58.0,,,8031,41,8032.0,58.0,,,8030.5,0.0
0,115300,CHOCOLATE,8031,52,8030.0,84.0,,,8032,52,8033.0,84.0,,,8031.5,0.0
0,115400,CHOCOLATE,8030,139,,,,,8032,139,,,,,8031.0,0.0
0,115500,CHOCOLATE,8031,104,,,,,8033,104,,,,,8032.0,0.0
0,115600,CHOCOLATE,8031,121,,,,,8033,121,,,,,8032.0,0.0
0,115700,CHOCOLATE,8032,105,,,,,8034,105,,,,,8033.0,0.0
0,115800,CHOCOLATE,8033,64,8032.0,78.0,,,8034,142,,,,,8033.5,0.0
0,115900,CHOCOLATE,8033,131,,,,,8034,51,8035.0,80.0,,,8033.5,0.0
0,116000,CHOCOLATE,8031,107,,,,,8033,107,,,,,8032.0,0.0
0,116100,CHOCOLATE,8032,60,8031.0,61.0,,,8033,60,8034.0,61.0,,,8032.5,0.0
0,116200,CHOCOLATE,8030,107,,,,,8032,107,,,,,8031.0,0.0
0,116300,CHOCOLATE,8030,50,8029.0,85.0,,,8031,50,8032.0,85.0,,,8030.5,0.0
0,116400,CHOCOLATE,8028,53,8027.0,53.0,,,8029,106,,,,,8028.5,0.0
0,116500,CHOCOLATE,8028,64,8027.0,98.0,,,8029,64,8030.0,98.0,,,8028.5,0.0
0,116600,CHOCOLATE,8027,113,,,,,8028,46,8029.0,67.0,,,8027.5,0.0
0,116700,CHOCOLATE,8026,58,8025.0,96.0,,,8027,154,,,,,8026.5,0.0
0,116800,CHOCOLATE,8026,60,8025.0,83.0,,,8027,60,8028.0,83.0,,,8026.5,0.0
0,116900,CHOCOLATE,8026,44,8025.0,65.0,,,8027,109,,,,,8026.5,0.0
0,117000,CHOCOLATE,8025,61,8024.0,61.0,,,8026,61,8027.0,61.0,,,8025.5,0.0
0,117100,CHOCOLATE,8026,44,8025.0,80.0,,,8027,124,,,,,8026.5,0.0
0,117200,CHOCOLATE,8026,48,8025.0,92.0,,,8027,48,8028.0,92.0,,,8026.5,0.0
0,117300,CHOCOLATE,8024,119,,,,,8026,119,,,,,8025.0,0.0
0,117400,CHOCOLATE,8026,48,8025.0,97.0,,,8027,48,8028.0,97.0,,,8026.5,0.0
0,117500,CHOCOLATE,8026,51,8025.0,99.0,,,8027,150,,,,,8026.5,0.0
0,117600,CHOCOLATE,8027,61,8026.0,67.0,,,8028,132,,,,,8027.5,0.0
0,117700,CHOCOLATE,8027,123,,,,,8029,123,,,,,8028.0,0.0
0,117800,CHOCOLATE,8027,152,,,,,8029,152,,,,,8028.0,0.0
0,117900,CHOCOLATE,8027,145,,,,,8028,59,8029.0,86.0,,,8027.5,0.0
0,118000,CHOCOLATE,8027,102,,,,,8029,102,,,,,8028.0,0.0
0,118100,CHOCOLATE,8027,114,,,,,8029,114,,,,,8028.0,0.0
0,118200,CHOCOLATE,8027,117,,,,,8028,59,8029.0,58.0,,,8027.5,0.0
0,118300,CHOCOLATE,8027,136,,,,,8029,136,,,,,8028.0,0.0
0,118400,CHOCOLATE,8027,135,,,,,8028,38,8029.0,97.0,,,8027.5,0.0
0,118500,CHOCOLATE,8026,45,8025.0,70.0,,,8027,45,8028.0,70.0,,,8026.5,0.0
0,118600,CHOCOLATE,8026,53,8025.0,86.0,,,8027,53,8028.0,86.0,,,8026.5,0.0
0,118700,CHOCOLATE,8026,45,8025.0,60.0,,,8027,45,8028.0,60.0,,,8026.5,0.0
0,118800,CHOCOLATE,8026,108,,,,,8027,51,8028.0,63.0,,,8026.5,0.0
0,118900,CHOCOLATE,8027,50,8026.0,68.0,,,8028,50,8029.0,68.0,,,8027.5,0.0
0,119000,CHOCOLATE,8028,39,8027.0,56.0,,,8029,95,,,,,8028.5,0.0
0,119100,CHOCOLATE,8027,45,8026.0,74.0,,,8028,45,8029.0,74.0,,,8027.5,0.0
0,119200,CHOCOLATE,8027,63,8026.0,96.0,,,8028,159,,,,,8027.5,0.0
0,119300,CHOCOLATE,8027,129,,,,,8029,129,,,,,8028.0,0.0
0,119400,CHOCOLATE,8028,56,8027.0,91.0,,,8029,56,8030.0,91.0,,,8028.5,0.0
0,119500,CHOCOLATE,8027,136,,,,,8029,136,,,,,8028.0,0.0
0,119600,CHOCOLATE,8028,60,8027.0,63.0,,,8029,60,8030.0,63.0,,,8028.5,0.0
0,119700,CHOCOLATE,8029,137,,,,,8031,137,,,,,8030.0,0.0
0,119800,CHOCOLATE,8029,126,,,,,8031,126,,,,,8030.0,0.0
0,119900,CHOCOLATE,8030,58,8029.0,96.0,,,8031,154,,,,,8030.5,0.0
0,120000,CHOCOLATE,8029,53,8028.0,68.0,,,8030,60,8031.0,68.0,,,8029.5,0.0
0,120100,CHOCOLATE,8029,111,,,,,8031,111,,,,,8030.0,0.0
0,120200,CHOCOLATE,8030,51,8029.0,50.0,,,8031,101,,,,,8030.5,0.0
0,120300,CHOCOLATE,8029,110,,,,,8031,110,,,,,8030.0,0.0
0,120400,CHOCOLATE,8029,102,,,,,8031,102,,,,,8030.0,0.0
0,120500,CHOCOLATE,8031,51,8030.0,52.0,,,8032,103,,,,,8031.5,0.0
0,120600,CHOCOLATE,8031,144,,,,,8032,47,8033.0,97.0,,,8031.5,0.0
0,120700,CHOCOLATE,8030,104,,,,,8032,104,,,,,8031.0,0.0
0,120800,CHOCOLATE,8029,47,8028.0,63.0,,,8030,110,,,,,8029.5,0.0
0,120900,CHOCOLATE,8027,135,,,,,8029,135,,,,,8028.0,0.0
0,121000,CHOCOLATE,8029,127,,,,,8031,127,,,,,8030.0,0.0
0,121100,CHOCOLATE,8030,46,8029.0,97.0,,,8031,143,,,,,8030.5,0.0
0,121200,CHOCOLATE,8028,119,,,,,8030,119,,,,,8029.0,0.0
0,121300,CHOCOLATE,8028,49,8027.0,90.0,,,8029,49,8030.0,90.0,,,8028.5,0.0
0,121400,CHOCOLATE,8028,136,,,,,8029,49,8030.0,87.0,,,8028.5,0.0
0,121500,CHOCOLATE,8028,121,,,,,8029,39,8030.0,82.0,,,8028.5,0.0
0,121600,CHOCOLATE,8027,118,,,,,8028,58,8029.0,70.0,,,8027.5,0.0
0,121700,CHOCOLATE,8028,100,,,,,8030,100,,,,,8029.0,0.0
0,121800,CHOCOLATE,8027,155,,,,,8028,58,8029.0,97.0,,,8027.5,0.0
0,121900,CHOCOLATE,8027,126,,,,,8029,126,,,,,8028.0,0.0
0,122000,CHOCOLATE,8029,64,8028.0,100.0,,,8030,164,,,,,8029.5,0.0
0,122100,CHOCOLATE,8030,118,,,,,8032,118,,,,,8031.0,0.0
0,122200,CHOCOLATE,8029,47,8028.0,52.0,,,8030,47,8031.0,52.0,,,8029.5,0.0
0,122300,CHOCOLATE,8029,38,8028.0,54.0,,,8030,38,8031.0,54.0,,,8029.5,0.0
0,122400,CHOCOLATE,8027,117,,,,,8029,117,,,,,8028.0,0.0
0,122500,CHOCOLATE,8027,59,8026.0,87.0,,,8028,146,,,,,8027.5,0.0
0,122600,CHOCOLATE,8026,135,,,,,8028,135,,,,,8027.0,0.0
0,122700,CHOCOLATE,8027,122,,,,,8029,122,,,,,8028.0,0.0
0,122800,CHOCOLATE,8027,95,,,,,8029,95,,,,,8028.0,0.0
0,122900,CHOCOLATE,8028,136,,,,,8029,61,8030.0,75.0,,,8028.5,0.0
0,123000,CHOCOLATE,8027,61,8026.0,59.0,,,8028,61,8029.0,59.0,,,8027.5,0.0
0,123100,CHOCOLATE,8028,113,,,,,8029,52,8030.0,61.0,,,8028.5,0.0
0,123200,CHOCOLATE,8029,49,8028.0,98.0,,,8030,147,,,,,8029.5,0.0
0,123300,CHOCOLATE,8031,49,8030.0,53.0,,,8032,102,,,,,8031.5,0.0
0,123400,CHOCOLATE,8030,117,,,,,8031,38,8032.0,79.0,,,8030.5,0.0
0,123500,CHOCOLATE,8028,158,,,,,8030,158,,,,,8029.0,0.0
0,123600,CHOCOLATE,8028,90,,,,,8030,90,,,,,8029.0,0.0
0,123700,CHOCOLATE,8029,137,,,,,8030,62,8031.0,75.0,,,8029.5,0.0
0,123800,CHOCOLATE,8029,41,8028.0,62.0,,,8030,41,8031.0,62.0,,,8029.5,0.0
0,123900,CHOCOLATE,8028,116,,,,,8029,42,8030.0,74.0,,,8028.5,0.0
0,124000,CHOCOLATE,8027,95,,,,,8029,95,,,,,8028.0,0.0
0,124100,CHOCOLATE,8027,128,,,,,8029,128,,,,,8028.0,0.0
0,124200,CHOCOLATE,8027,50,8026.0,94.0,,,8028,50,8029.0,94.0,,,8027.5,0.0
0,124300,CHOCOLATE,8027,47,8026.0,72.0,,,8028,119,,,,,8027.5,0.0
0,124400,CHOCOLATE,8025,47,8024.0,87.0,,,8026,134,,,,,8025.5,0.0
0,124500,CHOCOLATE,8024,111,,,,,8026,111,,,,,8025.0,0.0
0,124600,CHOCOLATE,8025,134,,,,,8026,37,8027.0,97.0,,,8025.5,0.0
0,124700,CHOCOLATE,8024,149,,,,,8026,149,,,,,8025.0,0.0
0,124800,CHOCOLATE,8025,52,8024.0,63.0,,,8026,115,,,,,8025.5,0.0
0,124900,CHOCOLATE,8025,108,,,,,8027,108,,,,,8026.0,0.0
0,125000,CHOCOLATE,8026,157,,,,,8028,157,,,,,8027.0,0.0
0,125100,CHOCOLATE,8028,56,8027.0,67.0,,,8029,123,,,,,8028.5,0.0
0,125200,CHOCOLATE,8028,61,8027.0,96.0,,,8029,61,8030.0,96.0,,,8028.5,0.0
0,125300,CHOCOLATE,8029,47,8028.0,66.0,,,8030,113,,,,,8029.5,0.0
0,125400,CHOCOLATE,8028,59,8027.0,68.0,,,8029,127,,,,,8028.5,0.0
0,125500,CHOCOLATE,8030,38,8029.0,99.0,,,8031,137,,,,,8030.5,0.0
0,125600,CHOCOLATE,8031,35,8030.0,68.0,,,8032,35,8033.0,68.0,,,8031.5,0.0
0,125700,CHOCOLATE,8032,64,8031.0,50.0,,,8033,114,,,,,8032.5,0.0
0,125800,CHOCOLATE,8032,147,,,,,8034,147,,,,,8033.0,0.0
0,125900,CHOCOLATE,8033,103,,,,,8035,103,,,,,8034.0,0.0
0,126000,CHOCOLATE,8034,125,,,,,8036,125,,,,,8035.0,0.0
0,126100,CHOCOLATE,8033,44,8032.0,65.0,,,8034,44,8035.0,65.0,,,8033.5,0.0
0,126200,CHOCOLATE,8033,59,8032.0,70.0,,,8034,129,,,,,8033.5,0.0
0,126300,CHOCOLATE,8033,133,,,,,8034,54,8035.0,79.0,,,8033.5,0.0
0,126400,CHOCOLATE,8034,117,,,,,8036,117,,,,,8035.0,0.0
0,126500,CHOCOLATE,8034,144,,,,,8036,144,,,,,8035.0,0.0
0,126600,CHOCOLATE,8033,103,,,,,8034,51,8035.0,52.0,,,8033.5,0.0
0,126700,CHOCOLATE,8034,44,8033.0,84.0,,,8035,44,8036.0,84.0,,,8034.5,0.0
0,126800,CHOCOLATE,8034,46,8033.0,87.0,,,8035,133,,,,,8034.5,0.0
0,126900,CHOCOLATE,8033,65,8032.0,99.0,,,8034,65,8035.0,99.0,,,8033.5,0.0
0,127000,CHOCOLATE,8033,51,8032.0,54.0,,,8034,51,8035.0,54.0,,,8033.5,0.0
0,127100,CHOCOLATE,8034,140,,,,,8036,140,,,,,8035.0,0.0
0,127200,CHOCOLATE,8034,44,8033.0,81.0,,,8035,44,8036.0,81.0,,,8034.5,0.0
0,127300,CHOCOLATE,8035,126,,,,,8037,126,,,,,8036.0,0.0
0,127400,CHOCOLATE,8034,152,,,,,8035,64,8036.0,88.0,,,8034.5,0.0
0,127500,CHOCOLATE,8036,151,,,,,8037,58,8038.0,93.0,,,8036.5,0.0
0,127600,CHOCOLATE,8035,119,,,,,8037,119,,,,,8036.0,0.0
0,127700,CHOCOLATE,8036,64,8035.0,59.0,,,8037,123,,,,,8036.5,0.0
0,127800,CHOCOLATE,8037,146,,,,,8038,51,8039.0,95.0,,,8037.5,0.0
0,127900,CHOCOLATE,8036,121,,,,,8037,54,8038.0,67.0,,,8036.5,0.0
0,128000,CHOCOLATE,8037,36,8036.0,83.0,,,8038,36,8039.0,83.0,,,8037.5,0.0
0,128100,CHOCOLATE,8038,107,,,,,8040,107,,,,,8039.0,0.0
0,128200,CHOCOLATE,8038,115,,,,,8040,115,,,,,8039.0,0.0
0,128300,CHOCOLATE,8038,120,,,,,8039,54,8040.0,66.0,,,8038.5,0.0
0,128400,CHOCOLATE,8038,122,,,,,8039,40,8040.0,82.0,,,8038.5,0.0
0,128500,CHOCOLATE,8038,43,8037.0,93.0,,,8039,136,,,,,8038.5,0.0
0,128600,CHOCOLATE,8039,100,,,,,8040,42,8041.0,58.0,,,8039.5,0.0
0,128700,CHOCOLATE,8039,52,8038.0,93.0,,,8040,145,,,,,8039.5,0.0
0,128800,CHOCOLATE,8041,56,8040.0,81.0,,,8042,137,,,,,8041.5,0.0
0,128900,CHOCOLATE,8041,93,,,,,8043,93,,,,,8042.0,0.0
0,129000,CHOCOLATE,8042,107,,,,,8044,107,,,,,8043.0,0.0
0,129100,CHOCOLATE,8042,49,8041.0,55.0,,,8043,104,,,,,8042.5,0.0
0,129200,CHOCOLATE,8042,121,,,,,8044,121,,,,,8043.0,0.0
0,129300,CHOCOLATE,8043,107,,,,,8045,107,,,,,8044.0,0.0
0,129400,CHOCOLATE,8043,50,8042.0,78.0,,,8044,128,,,,,8043.5,0.0
0,129500,CHOCOLATE,8043,55,8042.0,83.0,,,8044,138,,,,,8043.5,0.0
0,129600,CHOCOLATE,8042,145,,,,,8044,145,,,,,8043.0,0.0
0,129700,CHOCOLATE,8041,128,,,,,8042,49,8043.0,79.0,,,8041.5,0.0
0,129800,CHOCOLATE,8040,115,,,,,8042,115,,,,,8041.0,0.0
0,129900,CHOCOLATE,8040,46,8039.0,58.0,,,8041,104,,,,,8040.5,0.0
0,130000,CHOCOLATE,8041,65,8040.0,66.0,,,8042,65,8043.0,66.0,,,8041.5,0.0
0,130100,CHOCOLATE,8040,123,,,,,8041,49,8042.0,74.0,,,8040.5,0.0
0,130200,CHOCOLATE,8040,138,,,,,8042,138,,,,,8041.0,0.0
0,130300,CHOCOLATE,8043,65,8042.0,90.0,,,8044,155,,,,,8043.5,0.0
0,130400,CHOCOLATE,8043,54,8042.0,99.0,,,8044,54,8045.0,99.0,,,8043.5,0.0
0,130500,CHOCOLATE,8043,104,,,,,8044,47,8045.0,57.0,,,8043.5,0.0
0,130600,CHOCOLATE,8045,129,,,,,8046,59,8047.0,70.0,,,8045.5,0.0
0,130700,CHOCOLATE,8045,117,,,,,8047,117,,,,,8046.0,0.0
0,130800,CHOCOLATE,8044,106,,,,,8045,51,8046.0,50.0,,,8044.5,0.0
0,130900,CHOCOLATE,8044,138,,,,,8045,43,8046.0,95.0,,,8044.5,0.0
0,131000,CHOCOLATE,8044,117,,,,,8046,117,,,,,8045.0,0.0
0,131100,CHOCOLATE,8046,58,8045.0,57.0,,,8047,58,8048.0,57.0,,,8046.5,0.0
0,131200,CHOCOLATE,8047,136,,,,,8049,136,,,,,8048.0,0.0
0,131300,CHOCOLATE,8047,121,,,,,8049,121,,,,,8048.0,0.0
0,131400,CHOCOLATE,8047,134,,,,,8049,134,,,,,8048.0,0.0
0,131500,CHOCOLATE,8049,159,,,,,8051,159,,,,,8050.0,0.0
0,131600,CHOCOLATE,8049,55,8048.0,63.0,,,8050,55,8051.0,63.0,,,8049.5,0.0
0,131700,CHOCOLATE,8050,59,8049.0,82.0,,,8051,141,,,,,8050.5,0.0
0,131800,CHOCOLATE,8048,37,8047.0,60.0,,,8049,97,,,,,8048.5,0.0
0,131900,CHOCOLATE,8048,151,,,,,8050,151,,,,,8049.0,0.0
0,132000,CHOCOLATE,8048,100,,,,,8050,100,,,,,8049.0,0.0
0,132100,CHOCOLATE,8048,129,,,,,8050,129,,,,,8049.0,0.0
0,132200,CHOCOLATE,8049,52,8048.0,71.0,,,8050,52,8051.0,71.0,,,8049.5,0.0
0,132300,CHOCOLATE,8048,36,8047.0,55.0,,,8049,36,8050.0,55.0,,,8048.5,0.0
0,132400,CHOCOLATE,8048,92,,,,,8050,92,,,,,8049.0,0.0
0,132500,CHOCOLATE,8049,36,8048.0,87.0,,,8050,36,8051.0,87.0,,,8049.5,0.0
0,132600,CHOCOLATE,8048,48,8047.0,97.0,,,8049,145,,,,,8048.5,0.0
0,132700,CHOCOLATE,8048,105,,,,,8050,105,,,,,8049.0,0.0
0,132800,CHOCOLATE,8048,125,,,,,8050,125,,,,,8049.0,0.0
0,132900,CHOCOLATE,8049,112,,,,,8051,112,,,,,8050.0,0.0
0,133000,CHOCOLATE,8048,42,8047.0,80.0,,,8049,42,8050.0,80.0,,,8048.5,0.0
0,133100,CHOCOLATE,8048,114,,,,,8049,52,8050.0,62.0,,,8048.5,0.0
0,133200,CHOCOLATE,8047,117,,,,,8049,117,,,,,8048.0,0.0
0,133300,CHOCOLATE,8048,43,8047.0,86.0,,,8049,43,8050.0,86.0,,,8048.5,0.0
0,133400,CHOCOLATE,8046,140,,,,,8048,140,,,,,8047.0,0.0
0,133500,CHOCOLATE,8047,43,8046.0,59.0,,,8048,43,8049.0,59.0,,,8047.5,0.0
0,133600,CHOCOLATE,8048,120,,,,,8050,120,,,,,8049.0,0.0
0,133700,CHOCOLATE,8049,122,,,,,8051,122,,,,,8050.0,0.0
0,133800,CHOCOLATE,8050,54,8049.0,91.0,,,8051,145,,,,,8050.5,0.0
0,133900,CHOCOLATE,8048,113,,,,,8049,51,8050.0,62.0,,,8048.5,0.0
0,134000,CHOCOLATE,8047,132,,,,,8049,132,,,,,8048.0,0.0
0,134100,CHOCOLATE,8047,137,,,,,8048,58,8049.0,79.0,,,8047.5,0.0
0,134200,CHOCOLATE,8047,143,,,,,8048,55,8049.0,88.0,,,8047.5,0.0
0,134300,CHOCOLATE,8046,38,8045.0,86.0,,,8047,38,8048.0,86.0,,,8046.5,0.0
0,134400,CHOCOLATE,8045,62,8044.0,52.0,,,8046,114,,,,,8045.5,0.0
0,134500,CHOCOLATE,8044,57,8043.0,91.0,,,8045,57,8046.0,91.0,,,8044.5,0.0
0,134600,CHOCOLATE,8043,143,,,,,8045,143,,,,,8044.0,0.0
0,134700,CHOCOLATE,8043,132,,,,,8045,132,,,,,8044.0,0.0
0,134800,CHOCOLATE,8041,151,,,,,8043,151,,,,,8042.0,0.0
0,134900,CHOCOLATE,8042,140,,,,,8043,62,8044.0,78.0,,,8042.5,0.0
0,135000,CHOCOLATE,8043,45,8042.0,87.0,,,8044,132,,,,,8043.5,0.0
0,135100,CHOCOLATE,8043,137,,,,,8044,45,8045.0,92.0,,,8043.5,0.0
0,135200,CHOCOLATE,8044,41,8043.0,64.0,,,8045,105,,,,,8044.5,0.0
0,135300,CHOCOLATE,8043,59,8042.0,58.0,,,8044,59,8045.0,58.0,,,8043.5,0.0
0,135400,CHOCOLATE,8043,43,8042.0,63.0,,,8044,43,8045.0,63.0,,,8043.5,0.0
0,135500,CHOCOLATE,8041,126,,,,,8043,126,,,,,8042.0,0.0
0,135600,CHOCOLATE,8039,144,,,,,8041,144,,,,,8040.0,0.0
0,135700,CHOCOLATE,8039,46,8038.0,76.0,,,8040,122,,,,,8039.5,0.0
0,135800,CHOCOLATE,8038,129,,,,,8039,48,8040.0,81.0,,,8038.5,0.0
0,135900,CHOCOLATE,8038,115,,,,,8040,115,,,,,8039.0,0.0
0,136000,CHOCOLATE,8038,129,,,,,8039,46,8040.0,83.0,,,8038.5,0.0
0,136100,CHOCOLATE,8036,121,,,,,8038,121,,,,,8037.0,0.0
0,136200,CHOCOLATE,8037,46,8036.0,83.0,,,8038,129,,,,,8037.5,0.0
0,136300,CHOCOLATE,8035,39,8034.0,50.0,,,8036,89,,,,,8035.5,0.0
0,136400,CHOCOLATE,8034,51,8033.0,97.0,,,8035,51,8036.0,97.0,,,8034.5,0.0
0,136500,CHOCOLATE,8034,121,,,,,8035,37,8036.0,84.0,,,8034.5,0.0
0,136600,CHOCOLATE,8035,117,,,,,8036,39,8037.0,78.0,,,8035.5,0.0
0,136700,CHOCOLATE,8035,151,,,,,8037,151,,,,,8036.0,0.0
0,136800,CHOCOLATE,8036,112,,,,,8037,50,8038.0,62.0,,,8036.5,0.0
0,136900,CHOCOLATE,8037,117,,,,,8039,117,,,,,8038.0,0.0
0,137000,CHOCOLATE,8036,116,,,,,8038,116,,,,,8037.0,0.0
0,137100,CHOCOLATE,8037,57,8036.0,99.0,,,8038,57,8039.0,99.0,,,8037.5,0.0
0,137200,CHOCOLATE,8038,98,,,,,8040,98,,,,,8039.0,0.0
0,137300,CHOCOLATE,8037,155,,,,,8039,155,,,,,8038.0,0.0
0,137400,CHOCOLATE,8037,137,,,,,8039,137,,,,,8038.0,0.0
0,137500,CHOCOLATE,8038,41,8037.0,100.0,,,8039,41,8040.0,100.0,,,8038.5,0.0
0,137600,CHOCOLATE,8038,139,,,,,8039,47,8040.0,92.0,,,8038.5,0.0
0,137700,CHOCOLATE,8039,36,8038.0,65.0,,,8040,36,8041.0,65.0,,,8039.5,0.0
0,137800,CHOCOLATE,8039,126,,,,,8040,43,8041.0,83.0,,,8039.5,0.0
0,137900,CHOCOLATE,8039,45,8038.0,64.0,,,8040,109,,,,,8039.5,0.0
0,138000,CHOCOLATE,8039,124,,,,,8041,124,,,,,8040.0,0.0
0,138100,CHOCOLATE,8041,54,8040.0,79.0,,,8042,133,,,,,8041.5,0.0
0,138200,CHOCOLATE,8041,131,,,,,8043,131,,,,,8042.0,0.0
0,138300,CHOCOLATE,8041,42,8040.0,87.0,,,8042,42,8043.0,87.0,,,8041.5,0.0
0,138400,CHOCOLATE,8042,63,8041.0,91.0,,,8043,154,,,,,8042.5,0.0
0,138500,CHOCOLATE,8042,55,8041.0,60.0,,,8043,55,8044.0,60.0,,,8042.5,0.0
0,138600,CHOCOLATE,8043,39,8042.0,67.0,,,8044,106,,,,,8043.5,0.0
0,138700,CHOCOLATE,8042,111,,,,,8044,111,,,,,8043.0,0.0
0,138800,CHOCOLATE,8041,37,8040.0,66.0,,,8042,37,8043.0,66.0,,,8041.5,0.0
0,138900,CHOCOLATE,8042,54,8041.0,84.0,,,8043,138,,,,,8042.5,0.0
0,139000,CHOCOLATE,8042,52,8041.0,74.0,,,8043,126,,,,,8042.5,0.0
0,139100,CHOCOLATE,8040,114,,,,,8041,6,8042.0,114.0,,,8040.5,0.0
0,139200,CHOCOLATE,8040,99,,,,,8042,99,,,,,8041.0,0.0
0,139300,CHOCOLATE,8041,140,,,,,8043,140,,,,,8042.0,0.0
0,139400,CHOCOLATE,8042,133,,,,,8043,61,8044.0,72.0,,,8042.5,0.0
0,139500,CHOCOLATE,8042,103,,,,,8044,103,,,,,8043.0,0.0
0,139600,CHOCOLATE,8043,117,,,,,8044,59,8045.0,58.0,,,8043.5,0.0
0,139700,CHOCOLATE,8044,47,8043.0,91.0,,,8045,138,,,,,8044.5,0.0
0,139800,CHOCOLATE,8044,49,8043.0,88.0,,,8045,49,8046.0,88.0,,,8044.5,0.0
0,139900,CHOCOLATE,8043,138,,,,,8045,138,,,,,8044.0,0.0
0,140000,CHOCOLATE,8043,95,,,,,8044,39,8045.0,56.0,,,8043.5,0.0
0,140100,CHOCOLATE,8044,117,,,,,8045,40,8046.0,77.0,,,8044.5,0.0
0,140200,CHOCOLATE,8044,114,,,,,8046,114,,,,,8045.0,0.0
0,140300,CHOCOLATE,8044,121,,,,,8046,121,,,,,8045.0,0.0
0,140400,CHOCOLATE,8044,108,,,,,8046,108,,,,,8045.0,0.0
0,140500,CHOCOLATE,8045,50,8044.0,74.0,,,8046,50,8047.0,74.0,,,8045.5,0.0
0,140600,CHOCOLATE,8045,135,,,,,8046,64,8047.0,71.0,,,8045.5,0.0
0,140700,CHOCOLATE,8046,37,8045.0,63.0,,,8047,37,8048.0,63.0,,,8046.5,0.0
0,140800,CHOCOLATE,8046,145,,,,,8048,145,,,,,8047.0,0.0
0,140900,CHOCOLATE,8046,134,,,,,8048,134,,,,,8047.0,0.0
0,141000,CHOCOLATE,8046,49,8045.0,73.0,,,8047,42,8048.0,73.0,,,8046.5,0.0
0,141100,CHOCOLATE,8047,140,,,,,8048,46,8049.0,94.0,,,8047.5,0.0
0,141200,CHOCOLATE,8046,118,,,,,8047,52,8048.0,72.0,,,8046.5,0.0
0,141300,CHOCOLATE,8045,150,,,,,8047,150,,,,,8046.0,0.0
0,141400,CHOCOLATE,8046,44,8045.0,74.0,,,8047,118,,,,,8046.5,0.0
0,141500,CHOCOLATE,8047,38,8046.0,84.0,,,8048,38,8049.0,84.0,,,8047.5,0.0
0,141600,CHOCOLATE,8047,55,8046.0,61.0,,,8048,116,,,,,8047.5,0.0
0,141700,CHOCOLATE,8046,121,,,,,8048,121,,,,,8047.0,0.0
0,141800,CHOCOLATE,8046,129,,,,,8048,129,,,,,8047.0,0.0
0,141900,CHOCOLATE,8047,116,,,,,8049,116,,,,,8048.0,0.0
0,142000,CHOCOLATE,8048,124,,,,,8049,6,8050.0,124.0,,,8048.5,0.0
0,142100,CHOCOLATE,8047,157,,,,,8048,63,8049.0,94.0,,,8047.5,0.0
0,142200,CHOCOLATE,8047,109,,,,,8048,59,8049.0,50.0,,,8047.5,0.0
0,142300,CHOCOLATE,8047,99,,,,,8048,37,8049.0,62.0,,,8047.5,0.0
0,142400,CHOCOLATE,8048,55,8047.0,74.0,,,8049,129,,,,,8048.5,0.0
0,142500,CHOCOLATE,8046,126,,,,,8048,126,,,,,8047.0,0.0
0,142600,CHOCOLATE,8046,46,8045.0,93.0,,,8047,139,,,,,8046.5,0.0
0,142700,CHOCOLATE,8046,42,8045.0,73.0,,,8047,115,,,,,8046.5,0.0
0,142800,CHOCOLATE,8044,120,,,,,8046,120,,,,,8045.0,0.0
0,142900,CHOCOLATE,8044,123,,,,,8046,123,,,,,8045.0,0.0
0,143000,CHOCOLATE,8044,54,8043.0,88.0,,,8045,54,8046.0,88.0,,,8044.5,0.0
0,143100,CHOCOLATE,8043,97,,,,,8044,41,8045.0,56.0,,,8043.5,0.0
0,143200,CHOCOLATE,8043,117,,,,,8044,44,8045.0,73.0,,,8043.5,0.0
0,143300,CHOCOLATE,8043,64,8042.0,58.0,,,8044,122,,,,,8043.5,0.0
0,143400,CHOCOLATE,8043,146,,,,,8045,146,,,,,8044.0,0.0
0,143500,CHOCOLATE,8043,95,,,,,8044,36,8045.0,59.0,,,8043.5,0.0
0,143600,CHOCOLATE,8041,107,,,,,8043,107,,,,,8042.0,0.0
0,143700,CHOCOLATE,8041,43,8040.0,85.0,,,8042,128,,,,,8041.5,0.0
0,143800,CHOCOLATE,8041,42,8040.0,81.0,,,8042,123,,,,,8041.5,0.0
0,143900,CHOCOLATE,8041,122,,,,,8043,122,,,,,8042.0,0.0
0,144000,CHOCOLATE,8042,48,8041.0,77.0,,,8043,125,,,,,8042.5,0.0
0,144100,CHOCOLATE,8040,111,,,,,8042,111,,,,,8041.0,0.0
0,144200,CHOCOLATE,8039,113,,,,,8041,113,,,,,8040.0,0.0
0,144300,CHOCOLATE,8040,63,8039.0,63.0,,,8041,63,8042.0,63.0,,,8040.5,0.0
0,144400,CHOCOLATE,8040,59,8039.0,58.0,,,8041,59,8042.0,58.0,,,8040.5,0.0
0,144500,CHOCOLATE,8041,35,8040.0,52.0,,,8042,35,8043.0,52.0,,,8041.5,0.0
0,144600,CHOCOLATE,8041,137,,,,,8043,137,,,,,8042.0,0.0
0,144700,CHOCOLATE,8044,52,8043.0,72.0,,,8045,52,8046.0,72.0,,,8044.5,0.0
0,144800,CHOCOLATE,8044,36,8043.0,60.0,,,8045,36,8046.0,60.0,,,8044.5,0.0
0,144900,CHOCOLATE,8045,96,,,,,8047,96,,,,,8046.0,0.0
0,145000,CHOCOLATE,8046,105,,,,,8047,36,8048.0,69.0,,,8046.5,0.0
0,145100,CHOCOLATE,8047,50,8046.0,62.0,,,8048,112,,,,,8047.5,0.0
0,145200,CHOCOLATE,8046,148,,,,,8048,148,,,,,8047.0,0.0
0,145300,CHOCOLATE,8045,130,,,,,8046,60,8047.0,70.0,,,8045.5,0.0
0,145400,CHOCOLATE,8045,126,,,,,8047,126,,,,,8046.0,0.0
0,145500,CHOCOLATE,8045,126,,,,,8046,8,8047.0,126.0,,,8045.5,0.0
0,145600,CHOCOLATE,8045,139,,,,,8047,139,,,,,8046.0,0.0
0,145700,CHOCOLATE,8046,58,8045.0,91.0,,,8047,58,8048.0,91.0,,,8046.5,0.0
0,145800,CHOCOLATE,8046,142,,,,,8048,142,,,,,8047.0,0.0
0,145900,CHOCOLATE,8047,160,,,,,8048,65,8049.0,95.0,,,8047.5,0.0
0,146000,CHOCOLATE,8046,111,,,,,8047,54,8048.0,57.0,,,8046.5,0.0
0,146100,CHOCOLATE,8046,60,8045.0,76.0,,,8047,136,,,,,8046.5,0.0
0,146200,CHOCOLATE,8045,102,,,,,8046,36,8047.0,66.0,,,8045.5,0.0
0,146300,CHOCOLATE,8047,133,,,,,8048,37,8049.0,96.0,,,8047.5,0.0
0,146400,CHOCOLATE,8048,147,,,,,8049,64,8050.0,83.0,,,8048.5,0.0
0,146500,CHOCOLATE,8049,97,,,,,8050,37,8051.0,60.0,,,8049.5,0.0
0,146600,CHOCOLATE,8049,146,,,,,8050,58,8051.0,88.0,,,8049.5,0.0
0,146700,CHOCOLATE,8048,105,,,,,8050,105,,,,,8049.0,0.0
0,146800,CHOCOLATE,8049,62,8048.0,91.0,,,8050,62,8051.0,91.0,,,8049.5,0.0
0,146900,CHOCOLATE,8048,118,,,,,8049,39,8050.0,79.0,,,8048.5,0.0
0,147000,CHOCOLATE,8048,97,,,,,8050,97,,,,,8049.0,0.0
0,147100,CHOCOLATE,8047,49,8046.0,59.0,,,8048,49,8049.0,59.0,,,8047.5,0.0
0,147200,CHOCOLATE,8047,39,8046.0,92.0,,,8048,39,8049.0,92.0,,,8047.5,0.0
0,147300,CHOCOLATE,8047,137,,,,,8049,137,,,,,8048.0,0.0
0,147400,CHOCOLATE,8046,93,,,,,8048,93,,,,,8047.0,0.0
0,147500,CHOCOLATE,8047,99,,,,,8049,99,,,,,8048.0,0.0
0,147600,CHOCOLATE,8048,38,8047.0,88.0,,,8049,38,8050.0,88.0,,,8048.5,0.0
0,147700,CHOCOLATE,8046,91,,,,,8048,91,,,,,8047.0,0.0
0,147800,CHOCOLATE,8046,121,,,,,8048,121,,,,,8047.0,0.0
0,147900,CHOCOLATE,8046,132,,,,,8047,37,8048.0,95.0,,,8046.5,0.0
0,148000,CHOCOLATE,8046,38,8045.0,60.0,,,8047,38,8048.0,60.0,,,8046.5,0.0
0,148100,CHOCOLATE,8044,54,8043.0,57.0,,,8045,111,,,,,8044.5,0.0
0,148200,CHOCOLATE,8045,41,8044.0,67.0,,,8046,41,8047.0,67.0,,,8045.5,0.0
0,148300,CHOCOLATE,8044,109,,,,,8045,46,8046.0,63.0,,,8044.5,0.0
0,148400,CHOCOLATE,8044,52,8043.0,75.0,,,8045,52,8046.0,75.0,,,8044.5,0.0
0,148500,CHOCOLATE,8044,127,,,,,8046,127,,,,,8045.0,0.0
0,148600,CHOCOLATE,8043,131,,,,,8045,131,,,,,8044.0,0.0
0,148700,CHOCOLATE,8042,156,,,,,8043,59,8044.0,97.0,,,8042.5,0.0
0,148800,CHOCOLATE,8042,65,8041.0,92.0,,,8043,157,,,,,8042.5,0.0
0,148900,CHOCOLATE,8041,121,,,,,8043,121,,,,,8042.0,0.0
0,149000,CHOCOLATE,8040,36,8039.0,56.0,,,8041,92,,,,,8040.5,0.0
0,149100,CHOCOLATE,8039,126,,,,,8041,126,,,,,8040.0,0.0
0,149200,CHOCOLATE,8039,151,,,,,8041,151,,,,,8040.0,0.0
0,149300,CHOCOLATE,8040,91,,,,,8041,38,8042.0,53.0,,,8040.5,0.0
0,149400,CHOCOLATE,8039,139,,,,,8041,139,,,,,8040.0,0.0
0,149500,CHOCOLATE,8039,114,,,,,8040,64,8041.0,50.0,,,8039.5,0.0
0,149600,CHOCOLATE,8039,124,,,,,8040,57,8041.0,67.0,,,8039.5,0.0
0,149700,CHOCOLATE,8039,152,,,,,8040,60,8041.0,92.0,,,8039.5,0.0
0,149800,CHOCOLATE,8038,119,,,,,8040,119,,,,,8039.0,0.0
0,149900,CHOCOLATE,8039,48,8038.0,63.0,,,8040,48,8041.0,63.0,,,8039.5,0.0
0,150000,CHOCOLATE,8039,108,,,,,8040,38,8041.0,70.0,,,8039.5,0.0
0,150100,CHOCOLATE,8039,38,8038.0,75.0,,,8040,38,8041.0,75.0,,,8039.5,0.0
0,150200,CHOCOLATE,8040,136,,,,,8042,136,,,,,8041.0,0.0
0,150300,CHOCOLATE,8044,9,8043.0,119.0,,,8045,119,,,,,8044.5,0.0
0,150400,CHOCOLATE,8046,36,8045.0,96.0,,,8047,132,,,,,8046.5,0.0
0,150500,CHOCOLATE,8044,116,,,,,8045,61,8046.0,55.0,,,8044.5,0.0
0,150600,CHOCOLATE,8044,115,,,,,8046,115,,,,,8045.0,0.0
0,150700,CHOCOLATE,8045,131,,,,,8046,57,8047.0,74.0,,,8045.5,0.0
0,150800,CHOCOLATE,8044,125,,,,,8045,45,8046.0,80.0,,,8044.5,0.0
0,150900,CHOCOLATE,8043,95,,,,,8045,95,,,,,8044.0,0.0
0,151000,CHOCOLATE,8043,135,,,,,8045,135,,,,,8044.0,0.0
0,151100,CHOCOLATE,8044,62,8043.0,81.0,,,8045,62,8046.0,81.0,,,8044.5,0.0
0,151200,CHOCOLATE,8044,118,,,,,8046,118,,,,,8045.0,0.0
0,151300,CHOCOLATE,8043,114,,,,,8045,114,,,,,8044.0,0.0
0,151400,CHOCOLATE,8044,136,,,,,8046,136,,,,,8045.0,0.0
0,151500,CHOCOLATE,8046,107,,,,,8048,107,,,,,8047.0,0.0
0,151600,CHOCOLATE,8045,52,8044.0,99.0,,,8046,52,8047.0,99.0,,,8045.5,0.0
0,151700,CHOCOLATE,8047,64,8046.0,79.0,,,8048,64,8049.0,79.0,,,8047.5,0.0
0,151800,CHOCOLATE,8047,127,,,,,8049,127,,,,,8048.0,0.0
0,151900,CHOCOLATE,8047,135,,,,,8049,135,,,,,8048.0,0.0
0,152000,CHOCOLATE,8047,59,8046.0,62.0,,,8048,59,8049.0,62.0,,,8047.5,0.0
0,152100,CHOCOLATE,8047,59,8046.0,57.0,,,8048,59,8049.0,57.0,,,8047.5,0.0
0,152200,CHOCOLATE,8046,157,,,,,8048,157,,,,,8047.0,0.0
0,152300,CHOCOLATE,8046,155,,,,,8048,155,,,,,8047.0,0.0
0,152400,CHOCOLATE,8046,137,,,,,8047,38,8048.0,99.0,,,8046.5,0.0
0,152500,CHOCOLATE,8046,115,,,,,8048,115,,,,,8047.0,0.0
0,152600,CHOCOLATE,8044,147,,,,,8046,147,,,,,8045.0,0.0
0,152700,CHOCOLATE,8043,132,,,,,8045,132,,,,,8044.0,0.0
0,152800,CHOCOLATE,8043,141,,,,,8045,141,,,,,8044.0,0.0
0,152900,CHOCOLATE,8041,120,,,,,8042,41,8043.0,84.0,,,8041.5,0.0
0,153000,CHOCOLATE,8042,124,,,,,8044,124,,,,,8043.0,0.0
0,153100,CHOCOLATE,8044,119,,,,,8046,119,,,,,8045.0,0.0
0,153200,CHOCOLATE,8046,46,8045.0,55.0,,,8047,46,8048.0,55.0,,,8046.5,0.0
0,153300,CHOCOLATE,8046,50,8045.0,91.0,,,8047,141,,,,,8046.5,0.0
0,153400,CHOCOLATE,8046,106,,,,,8047,56,8048.0,50.0,,,8046.5,0.0
0,153500,CHOCOLATE,8046,133,,,,,8048,133,,,,,8047.0,0.0
0,153600,CHOCOLATE,8048,90,,,,,8049,4,8050.0,90.0,,,8048.5,0.0
0,153700,CHOCOLATE,8049,112,,,,,8050,37,8051.0,75.0,,,8049.5,0.0
0,153800,CHOCOLATE,8047,92,,,,,8048,35,8049.0,57.0,,,8047.5,0.0
0,153900,CHOCOLATE,8044,116,,,,,8046,116,,,,,8045.0,0.0
0,154000,CHOCOLATE,8044,140,,,,,8046,140,,,,,8045.0,0.0
0,154100,CHOCOLATE,8046,50,8045.0,89.0,,,8047,139,,,,,8046.5,0.0
0,154200,CHOCOLATE,8045,107,,,,,8047,107,,,,,8046.0,0.0
0,154300,CHOCOLATE,8045,146,,,,,8047,146,,,,,8046.0,0.0
0,154400,CHOCOLATE,8044,36,8043.0,59.0,,,8045,36,8046.0,59.0,,,8044.5,0.0
0,154500,CHOCOLATE,8044,61,8043.0,65.0,,,8045,126,,,,,8044.5,0.0
0,154600,CHOCOLATE,8043,131,,,,,8044,64,8045.0,67.0,,,8043.5,0.0
0,154700,CHOCOLATE,8042,48,8041.0,76.0,,,8043,124,,,,,8042.5,0.0
0,154800,CHOCOLATE,8041,154,,,,,8043,154,,,,,8042.0,0.0
0,154900,CHOCOLATE,8039,115,,,,,8041,115,,,,,8040.0,0.0
0,155000,CHOCOLATE,8039,146,,,,,8040,58,8041.0,88.0,,,8039.5,0.0
0,155100,CHOCOLATE,8038,143,,,,,8040,143,,,,,8039.0,0.0
0,155200,CHOCOLATE,8037,115,,,,,8039,115,,,,,8038.0,0.0
0,155300,CHOCOLATE,8038,39,8037.0,92.0,,,8039,39,8040.0,92.0,,,8038.5,0.0
0,155400,CHOCOLATE,8039,39,8038.0,95.0,,,8040,134,,,,,8039.5,0.0
0,155500,CHOCOLATE,8039,44,8038.0,96.0,,,8040,44,8041.0,96.0,,,8039.5,0.0
0,155600,CHOCOLATE,8037,53,8036.0,82.0,,,8038,53,8039.0,82.0,,,8037.5,0.0
0,155700,CHOCOLATE,8036,119,,,,,8038,119,,,,,8037.0,0.0
0,155800,CHOCOLATE,8036,59,8035.0,59.0,,,8037,118,,,,,8036.5,0.0
0,155900,CHOCOLATE,8035,60,8034.0,76.0,,,8036,60,8037.0,76.0,,,8035.5,0.0
0,156000,CHOCOLATE,8034,59,8033.0,63.0,,,8035,59,8036.0,63.0,,,8034.5,0.0
0,156100,CHOCOLATE,8035,57,8034.0,77.0,,,8036,134,,,,,8035.5,0.0
0,156200,CHOCOLATE,8035,120,,,,,8037,120,,,,,8036.0,0.0
0,156300,CHOCOLATE,8034,150,,,,,8036,150,,,,,8035.0,0.0
0,156400,CHOCOLATE,8033,61,8032.0,84.0,,,8034,145,,,,,8033.5,0.0
0,156500,CHOCOLATE,8032,98,,,,,8034,98,,,,,8033.0,0.0
0,156600,CHOCOLATE,8035,47,8034.0,81.0,,,8036,128,,,,,8035.5,0.0
0,156700,CHOCOLATE,8034,104,,,,,8035,37,8036.0,67.0,,,8034.5,0.0
0,156800,CHOCOLATE,8035,155,,,,,8036,62,8037.0,84.0,,,8035.5,0.0
0,156900,CHOCOLATE,8035,107,,,,,8036,52,8037.0,55.0,,,8035.5,0.0
0,157000,CHOCOLATE,8035,132,,,,,8036,44,8037.0,88.0,,,8035.5,0.0
0,157100,CHOCOLATE,8037,122,,,,,8038,38,8039.0,84.0,,,8037.5,0.0
0,157200,CHOCOLATE,8037,121,,,,,8039,121,,,,,8038.0,0.0
0,157300,CHOCOLATE,8038,133,,,,,8040,133,,,,,8039.0,0.0
0,157400,CHOCOLATE,8036,134,,,,,8037,54,8038.0,80.0,,,8036.5,0.0
0,157500,CHOCOLATE,8039,154,,,,,8040,54,8041.0,100.0,,,8039.5,0.0
0,157600,CHOCOLATE,8040,37,8039.0,97.0,,,8041,134,,,,,8040.5,0.0
0,157700,CHOCOLATE,8041,56,8040.0,93.0,,,8042,56,8043.0,93.0,,,8041.5,0.0
0,157800,CHOCOLATE,8043,133,,,,,8044,50,8045.0,83.0,,,8043.5,0.0
0,157900,CHOCOLATE,8043,41,8042.0,75.0,,,8044,116,,,,,8043.5,0.0
0,158000,CHOCOLATE,8043,35,8042.0,79.0,,,8044,35,8045.0,79.0,,,8043.5,0.0
0,158100,CHOCOLATE,8042,38,8041.0,94.0,,,8043,38,8044.0,94.0,,,8042.5,0.0
0,158200,CHOCOLATE,8041,139,,,,,8043,139,,,,,8042.0,0.0
0,158300,CHOCOLATE,8041,57,8040.0,70.0,,,8042,127,,,,,8041.5,0.0
0,158400,CHOCOLATE,8042,57,8041.0,85.0,,,8043,57,8044.0,85.0,,,8042.5,0.0
0,158500,CHOCOLATE,8043,39,8042.0,98.0,,,8044,137,,,,,8043.5,0.0
0,158600,CHOCOLATE,8041,141,,,,,8043,141,,,,,8042.0,0.0
0,158700,CHOCOLATE,8040,56,8039.0,70.0,,,8041,56,8042.0,70.0,,,8040.5,0.0
0,158800,CHOCOLATE,8040,155,,,,,8042,155,,,,,8041.0,0.0
0,158900,CHOCOLATE,8041,56,8040.0,58.0,,,8042,114,,,,,8041.5,0.0
0,159000,CHOCOLATE,8041,109,,,,,8043,109,,,,,8042.0,0.0
0,159100,CHOCOLATE,8041,123,,,,,8043,123,,,,,8042.0,0.0
0,159200,CHOCOLATE,8041,55,8040.0,93.0,,,8042,148,,,,,8041.5,0.0
0,159300,CHOCOLATE,8040,144,,,,,8041,49,8042.0,95.0,,,8040.5,0.0
0,159400,CHOCOLATE,8040,137,,,,,8042,137,,,,,8041.0,0.0
