day,timestamp,product,bid_price_1,bid_volume_1,bid_price_2,bid_volume_2,bid_price_3,bid_volume_3,ask_price_1,ask_volume_1,ask_price_2,ask_volume_2,ask_price_3,ask_volume_3,mid_price,profit_and_loss
1,0,CHOCOLATE,7987,104,,,,,7989,104,,,,,7988.0,0.0
1,100,CHOCOLATE,7987,100,,,,,7989,100,,,,,7988.0,0.0
1,200,CHOCOLATE,7987,163,,,,,7988,65,7989.0,98.0,,,7987.5,0.0
1,300,CHOCOLATE,7988,117,,,,,7989,53,7990.0,64.0,,,7988.5,0.0
1,400,CHOCOLATE,7989,53,7988.0,54.0,,,7990,107,,,,,7989.5,0.0
1,500,CHOCOLATE,7989,40,7988.0,81.0,,,7990,121,,,,,7989.5,0.0
1,600,CHOCOLATE,7989,117,,,,,7991,117,,,,,7990.0,0.0
1,700,CHOCOLATE,7988,110,,,,,7990,110,,,,,7989.0,0.0
1,800,CHOCOLATE,7990,111,,,,,7992,111,,,,,7991.0,0.0
1,900,CHOCOLATE,7991,114,,,,,7992,63,7993.0,51.0,,,7991.5,0.0
1,1000,CHOCOLATE,7990,48,7989.0,81.0,,,7991,48,7992.0,81.0,,,7990.5,0.0
1,1100,CHOCOLATE,7991,59,7990.0,80.0,,,7992,139,,,,,7991.5,0.0
1,1200,CHOCOLATE,7990,63,7989.0,81.0,,,7991,144,,,,,7990.5,0.0
1,1300,CHOCOLATE,7989,132,,,,,7991,132,,,,,7990.0,0.0
1,1400,CHOCOLATE,7989,141,,,,,7990,41,7991.0,100.0,,,7989.5,0.0
1,1500,CHOCOLATE,7989,43,7988.0,62.0,,,7990,105,,,,,7989.5,0.0
1,1600,CHOCOLATE,7989,125,,,,,7991,125,,,,,7990.0,0.0
1,1700,CHOCOLATE,7990,47,7989.0,97.0,,,7991,144,,,,,7990.5,0.0
1,1800,CHOCOLATE,7991,162,,,,,7993,162,,,,,7992.0,0.0
1,1900,CHOCOLATE,7991,148,,,,,7993,148,,,,,7992.0,0.0
1,2000,CHOCOLATE,7990,158,,,,,7991,60,7992.0,98.0,,,7990.5,0.0
1,2100,CHOCOLATE,7990,109,,,,,7992,109,,,,,7991.0,0.0
1,2200,CHOCOLATE,7990,98,,,,,7991,45,7992.0,53.0,,,7990.5,0.0
1,2300,CHOCOLATE,7989,141,,,,,7991,141,,,,,7990.0,0.0
1,2400,CHOCOLATE,7990,100,,,,,7991,51,7992.0,56.0,,,7990.5,0.0
1,2500,CHOCOLATE,7990,56,7989.0,99.0,,,7991,56,7992.0,99.0,,,7990.5,0.0
1,2600,CHOCOLATE,7989,137,,,,,7990,46,7991.0,91.0,,,7989.5,0.0
1,2700,CHOCOLATE,7990,119,,,,,7991,46,7992.0,73.0,,,7990.5,0.0
1,2800,CHOCOLATE,7990,119,,,,,7992,119,,,,,7991.0,0.0
1,2900,CHOCOLATE,7991,149,,,,,7993,149,,,,,7992.0,0.0
1,3000,CHOCOLATE,7991,126,,,,,7993,126,,,,,7992.0,0.0
1,3100,CHOCOLATE,7992,57,7991.0,72.0,,,7993,129,,,,,7992.5,0.0
1,3200,CHOCOLATE,7991,37,7990.0,62.0,,,7992,99,,,,,7991.5,0.0
1,3300,CHOCOLATE,7990,45,7989.0,72.0,,,7991,45,7992.0,72.0,,,7990.5,0.0
1,3400,CHOCOLATE,7988,38,7987.0,87.0,,,7989,38,7990.0,87.0,,,7988.5,0.0
1,3500,CHOCOLATE,7987,100,,,,,7989,100,,,,,7988.0,0.0
1,3600,CHOCOLATE,7988,35,7987.0,67.0,,,7989,102,,,,,7988.5,0.0
1,3700,CHOCOLATE,7988,154,,,,,7990,154,,,,,7989.0,0.0
1,3800,CHOCOLATE,7989,35,7988.0,91.0,,,7990,126,,,,,7989.5,0.0
1,3900,CHOCOLATE,7990,132,,,,,7991,46,7992.0,86.0,,,7990.5,0.0
1,4000,CHOCOLATE,7990,50,7989.0,52.0,,,7991,50,7992.0,52.0,,,7990.5,0.0
1,4100,CHOCOLATE,7989,120,,,,,7991,120,,,,,7990.0,0.0
1,4200,CHOCOLATE,7990,136,,,,,7992,136,,,,,7991.0,0.0
1,4300,CHOCOLATE,7990,115,,,,,7992,115,,,,,7991.0,0.0
1,4400,CHOCOLATE,7991,122,,,,,7992,38,7993.0,84.0,,,7991.5,0.0
1,4500,CHOCOLATE,7990,4,7989.0,141.0,,,7991,141,,,,,7990.5,0.0
1,4600,CHOCOLATE,7988,46,7987.0,64.0,,,7989,110,,,,,7988.5,0.0
1,4700,CHOCOLATE,7987,129,,,,,7989,129,,,,,7988.0,0.0
1,4800,CHOCOLATE,7986,138,,,,,7988,138,,,,,7987.0,0.0
1,4900,CHOCOLATE,7986,49,7985.0,68.0,,,7987,121,,,,,7986.5,0.0
1,5000,CHOCOLATE,7985,111,,,,,7987,111,,,,,7986.0,0.0
1,5100,CHOCOLATE,7985,52,7984.0,55.0,,,7986,52,7987.0,55.0,,,7985.5,0.0
1,5200,CHOCOLATE,7985,51,7984.0,73.0,,,7986,51,7987.0,73.0,,,7985.5,0.0
1,5300,CHOCOLATE,7985,54,7984.0,90.0,,,7986,54,7987.0,90.0,,,7985.5,0.0
1,5400,CHOCOLATE,7985,50,7984.0,99.0,,,7986,149,,,,,7985.5,0.0
1,5500,CHOCOLATE,7984,46,7983.0,90.0,,,7985,46,7986.0,90.0,,,7984.5,0.0
1,5600,CHOCOLATE,7984,147,,,,,7986,147,,,,,7985.0,0.0
1,5700,CHOCOLATE,7986,125,,,,,7987,50,7988.0,75.0,,,7986.5,0.0
1,5800,CHOCOLATE,7987,52,7986.0,89.0,,,7988,141,,,,,7987.5,0.0
1,5900,CHOCOLATE,7986,37,7985.0,75.0,,,7987,112,,,,,7986.5,0.0
1,6000,CHOCOLATE,7988,139,,,,,7990,139,,,,,7989.0,0.0
1,6100,CHOCOLATE,7987,125,,,,,7989,125,,,,,7988.0,0.0
1,6200,CHOCOLATE,7988,52,7987.0,83.0,,,7989,52,7990.0,83.0,,,7988.5,0.0
1,6300,CHOCOLATE,7989,47,7988.0,52.0,,,7990,51,7991.0,52.0,,,7989.5,0.0
1,6400,CHOCOLATE,7988,140,,,,,7990,140,,,,,7989.0,0.0
1,6500,CHOCOLATE,7988,98,,,,,7989,35,7990.0,63.0,,,7988.5,0.0
1,6600,CHOCOLATE,7989,136,,,,,7991,136,,,,,7990.0,0.0
1,6700,CHOCOLATE,7991,62,7990.0,73.0,,,7992,62,7993.0,73.0,,,7991.5,0.0
1,6800,CHOCOLATE,7990,109,,,,,7992,109,,,,,7991.0,0.0
1,6900,CHOCOLATE,7990,106,,,,,7992,97,,,,,7991.0,0.0
1,7000,CHOCOLATE,7988,124,,,,,7990,124,,,,,7989.0,0.0
1,7100,CHOCOLATE,7990,44,7989.0,98.0,,,7991,142,,,,,7990.5,0.0
1,7200,CHOCOLATE,7988,54,7987.0,69.0,,,7989,54,7990.0,69.0,,,7988.5,0.0
1,7300,CHOCOLATE,7988,157,,,,,7990,157,,,,,7989.0,0.0
1,7400,CHOCOLATE,7987,138,,,,,7989,138,,,,,7988.0,0.0
1,7500,CHOCOLATE,7986,51,7985.0,55.0,,,7987,106,,,,,7986.5,0.0
1,7600,CHOCOLATE,7986,52,7985.0,89.0,,,7987,61,7988.0,89.0,,,7986.5,0.0
1,7700,CHOCOLATE,7986,129,,,,,7988,129,,,,,7987.0,0.0
1,7800,CHOCOLATE,7987,62,7986.0,56.0,,,7988,118,,,,,7987.5,0.0
1,7900,CHOCOLATE,7986,110,,,,,7988,110,,,,,7987.0,0.0
1,8000,CHOCOLATE,7986,111,,,,,7988,111,,,,,7987.0,0.0
1,8100,CHOCOLATE,7986,137,,,,,7987,57,7988.0,80.0,,,7986.5,0.0
1,8200,CHOCOLATE,7987,59,7986.0,98.0,,,7988,157,,,,,7987.5,0.0
1,8300,CHOCOLATE,7986,137,,,,,7988,137,,,,,7987.0,0.0
1,8400,CHOCOLATE,7986,94,,,,,7988,94,,,,,7987.0,0.0
1,8500,CHOCOLATE,7987,128,,,,,7988,59,7989.0,69.0,,,7987.5,0.0
1,8600,CHOCOLATE,7988,104,,,,,7990,104,,,,,7989.0,0.0
1,8700,CHOCOLATE,7988,126,,,,,7990,126,,,,,7989.0,0.0
1,8800,CHOCOLATE,7990,111,,,,,7991,56,7992.0,55.0,,,7990.5,0.0
1,8900,CHOCOLATE,7990,48,7989.0,89.0,,,7991,137,,,,,7990.5,0.0
1,9000,CHOCOLATE,7991,44,7990.0,84.0,,,7992,128,,,,,7991.5,0.0
1,9100,CHOCOLATE,7990,102,,,,,7992,102,,,,,7991.0,0.0
1,9200,CHOCOLATE,7990,63,7989.0,98.0,,,7991,161,,,,,7990.5,0.0
1,9300,CHOCOLATE,7990,155,,,,,7992,155,,,,,7991.0,0.0
1,9400,CHOCOLATE,7991,57,7990.0,96.0,,,7992,57,7993.0,96.0,,,7991.5,0.0
1,9500,CHOCOLATE,7990,56,7989.0,63.0,,,7991,51,7992.0,63.0,,,7990.5,0.0
1,9600,CHOCOLATE,7989,125,,,,,7991,125,,,,,7990.0,0.0
1,9700,CHOCOLATE,7988,135,,,,,7990,135,,,,,7989.0,0.0
1,9800,CHOCOLATE,7988,47,7987.0,79.0,,,7989,47,7990.0,79.0,,,7988.5,0.0
1,9900,CHOCOLATE,7987,132,,,,,7988,58,7989.0,74.0,,,7987.5,0.0
1,10000,CHOCOLATE,7987,152,,,,,7989,152,,,,,7988.0,0.0
1,10100,CHOCOLATE,7985,113,,,,,7987,113,,,,,7986.0,0.0
1,10200,CHOCOLATE,7985,51,7984.0,100.0,,,7986,151,,,,,7985.5,0.0
1,10300,CHOCOLATE,7985,44,7984.0,69.0,,,7986,44,7987.0,69.0,,,7985.5,0.0
1,10400,CHOCOLATE,7984,37,7983.0,81.0,,,7985,37,7986.0,81.0,,,7984.5,0.0
1,10500,CHOCOLATE,7982,121,,,,,7984,121,,,,,7983.0,0.0
1,10600,CHOCOLATE,7982,131,,,,,7984,131,,,,,7983.0,0.0
1,10700,CHOCOLATE,7983,124,,,,,7985,124,,,,,7984.0,0.0
1,10800,CHOCOLATE,7984,146,,,,,7986,146,,,,,7985.0,0.0
1,10900,CHOCOLATE,7985,138,,,,,7986,41,7987.0,97.0,,,7985.5,0.0
1,11000,CHOCOLATE,7985,128,,,,,7987,128,,,,,7986.0,0.0
1,11100,CHOCOLATE,7985,115,,,,,7987,115,,,,,7986.0,0.0
1,11200,CHOCOLATE,7984,117,,,,,7986,117,,,,,7985.0,0.0
1,11300,CHOCOLATE,7984,49,7983.0,80.0,,,7985,129,,,,,7984.5,0.0
1,11400,CHOCOLATE,7984,95,,,,,7986,95,,,,,7985.0,0.0
1,11500,CHOCOLATE,7985,95,,,,,7987,95,,,,,7986.0,0.0
1,11600,CHOCOLATE,7986,132,,,,,7988,132,,,,,7987.0,0.0
1,11700,CHOCOLATE,7986,122,,,,,7987,61,7988.0,61.0,,,7986.5,0.0
1,11800,CHOCOLATE,7986,115,,,,,7987,57,7988.0,58.0,,,7986.5,0.0
1,11900,CHOCOLATE,7987,137,,,,,7989,137,,,,,7988.0,0.0
1,12000,CHOCOLATE,7987,135,,,,,7989,135,,,,,7988.0,0.0
1,12100,CHOCOLATE,7987,140,,,,,7989,140,,,,,7988.0,0.0
1,12200,CHOCOLATE,7987,124,,,,,7988,50,7989.0,74.0,,,7987.5,0.0
1,12300,CHOCOLATE,7987,53,7986.0,68.0,,,7988,121,,,,,7987.5,0.0
1,12400,CHOCOLATE,7986,41,7985.0,98.0,,,7987,41,7988.0,98.0,,,7986.5,0.0
1,12500,CHOCOLATE,7983,144,,,,,7984,48,7985.0,96.0,,,7983.5,0.0
1,12600,CHOCOLATE,7983,35,7982.0,100.0,,,7984,135,,,,,7983.5,0.0
1,12700,CHOCOLATE,7982,33,7981.0,77.0,,,7983,43,7984.0,77.0,,,7982.5,0.0
1,12800,CHOCOLATE,7981,98,,,,,7983,98,,,,,7982.0,0.0
1,12900,CHOCOLATE,7982,117,,,,,7984,117,,,,,7983.0,0.0
1,13000,CHOCOLATE,7984,128,,,,,7985,50,7986.0,78.0,,,7984.5,0.0
1,13100,CHOCOLATE,7985,44,7984.0,76.0,,,7986,120,,,,,7985.5,0.0
1,13200,CHOCOLATE,7985,97,,,,,7986,35,7987.0,62.0,,,7985.5,0.0
1,13300,CHOCOLATE,7985,35,7984.0,90.0,,,7986,35,7987.0,90.0,,,7985.5,0.0
1,13400,CHOCOLATE,7982,62,7981.0,99.0,,,7983,161,,,,,7982.5,0.0
1,13500,CHOCOLATE,7983,122,,,,,7984,36,7985.0,86.0,,,7983.5,0.0
1,13600,CHOCOLATE,7983,35,7982.0,74.0,,,7984,109,,,,,7983.5,0.0
1,13700,CHOCOLATE,7983,126,,,,,7985,126,,,,,7984.0,0.0
1,13800,CHOCOLATE,7984,57,7983.0,58.0,,,7985,57,7986.0,58.0,,,7984.5,0.0
1,13900,CHOCOLATE,7986,64,7985.0,84.0,,,7987,148,,,,,7986.5,0.0
1,14000,CHOCOLATE,7986,53,7985.0,86.0,,,7987,139,,,,,7986.5,0.0
1,14100,CHOCOLATE,7984,56,7983.0,55.0,,,7985,56,7986.0,55.0,,,7984.5,0.0
1,14200,CHOCOLATE,7983,155,,,,,7985,155,,,,,7984.0,0.0
1,14300,CHOCOLATE,7983,100,,,,,7985,100,,,,,7984.0,0.0
1,14400,CHOCOLATE,7984,132,,,,,7985,48,7986.0,84.0,,,7984.5,0.0
1,14500,CHOCOLATE,7985,48,7984.0,61.0,,,7986,48,7987.0,61.0,,,7985.5,0.0
1,14600,CHOCOLATE,7985,140,,,,,7986,58,7987.0,82.0,,,7985.5,0.0
1,14700,CHOCOLATE,7984,146,,,,,7985,50,7986.0,96.0,,,7984.5,0.0
1,14800,CHOCOLATE,7984,95,,,,,7986,95,,,,,7985.0,0.0
1,14900,CHOCOLATE,7985,63,7984.0,71.0,,,7986,63,7987.0,71.0,,,7985.5,0.0
1,15000,CHOCOLATE,7986,52,7985.0,90.0,,,7987,142,,,,,7986.5,0.0
1,15100,CHOCOLATE,7984,62,7983.0,90.0,,,7985,152,,,,,7984.5,0.0
1,15200,CHOCOLATE,7984,57,7983.0,80.0,,,7985,137,,,,,7984.5,0.0
1,15300,CHOCOLATE,7984,41,7983.0,89.0,,,7985,41,7986.0,89.0,,,7984.5,0.0
1,15400,CHOCOLATE,7984,60,7983.0,78.0,,,7985,60,7986.0,78.0,,,7984.5,0.0
1,15500,CHOCOLATE,7984,96,,,,,7986,96,,,,,7985.0,0.0
1,15600,CHOCOLATE,7985,103,,,,,7986,53,7987.0,50.0,,,7985.5,0.0
1,15700,CHOCOLATE,7985,53,7984.0,53.0,,,7986,106,,,,,7985.5,0.0
1,15800,CHOCOLATE,7984,150,,,,,7986,150,,,,,7985.0,0.0
1,15900,CHOCOLATE,7985,40,7984.0,94.0,,,7986,40,7987.0,94.0,,,7985.5,0.0
1,16000,CHOCOLATE,7985,61,7984.0,86.0,,,7986,147,,,,,7985.5,0.0
1,16100,CHOCOLATE,7985,53,7984.0,97.0,,,7986,150,,,,,7985.5,0.0
1,16200,CHOCOLATE,7985,140,,,,,7987,140,,,,,7986.0,0.0
1,16300,CHOCOLATE,7986,112,,,,,7987,39,7988.0,73.0,,,7986.5,0.0
1,16400,CHOCOLATE,7986,43,7985.0,50.0,,,7987,43,7988.0,50.0,,,7986.5,0.0
1,16500,CHOCOLATE,7985,104,,,,,7987,104,,,,,7986.0,0.0
1,16600,CHOCOLATE,7986,147,,,,,7988,147,,,,,7987.0,0.0
1,16700,CHOCOLATE,7986,124,,,,,7987,46,7988.0,78.0,,,7986.5,0.0
1,16800,CHOCOLATE,7985,127,,,,,7987,127,,,,,7986.0,0.0
1,16900,CHOCOLATE,7984,96,,,,,7985,42,7986.0,54.0,,,7984.5,0.0
1,17000,CHOCOLATE,7983,122,,,,,7985,122,,,,,7984.0,0.0
1,17100,CHOCOLATE,7984,137,,,,,7985,63,7986.0,74.0,,,7984.5,0.0
1,17200,CHOCOLATE,7986,36,7985.0,98.0,,,7987,36,7988.0,98.0,,,7986.5,0.0
1,17300,CHOCOLATE,7985,133,,,,,7987,133,,,,,7986.0,0.0
1,17400,CHOCOLATE,7986,48,7985.0,90.0,,,7987,134,,,,,7986.5,0.0
1,17500,CHOCOLATE,7984,115,,,,,7986,115,,,,,7985.0,0.0
1,17600,CHOCOLATE,7985,133,,,,,7986,61,7987.0,72.0,,,7985.5,0.0
1,17700,CHOCOLATE,7986,148,,,,,7988,148,,,,,7987.0,0.0
1,17800,CHOCOLATE,7988,49,7987.0,53.0,,,7989,102,,,,,7988.5,0.0
1,17900,CHOCOLATE,7988,117,,,,,7990,117,,,,,7989.0,0.0
1,18000,CHOCOLATE,7988,36,7987.0,59.0,,,7989,95,,,,,7988.5,0.0
1,18100,CHOCOLATE,7988,46,7987.0,88.0,,,7989,46,7990.0,88.0,,,7988.5,0.0
1,18200,CHOCOLATE,7988,135,,,,,7990,135,,,,,7989.0,0.0
1,18300,CHOCOLATE,7987,65,7986.0,93.0,,,7988,158,,,,,7987.5,0.0
1,18400,CHOCOLATE,7987,136,,,,,7989,136,,,,,7988.0,0.0
1,18500,CHOCOLATE,7988,41,7987.0,93.0,,,7989,143,,,,,7988.5,0.0
1,18600,CHOCOLATE,7989,122,,,,,7991,122,,,,,7990.0,0.0
1,18700,CHOCOLATE,7990,135,,,,,7991,65,7992.0,70.0,,,7990.5,0.0
1,18800,CHOCOLATE,7990,127,,,,,7992,127,,,,,7991.0,0.0
1,18900,CHOCOLATE,7989,58,7988.0,58.0,,,7990,58,7991.0,58.0,,,7989.5,0.0
1,19000,CHOCOLATE,7988,115,,,,,7990,115,,,,,7989.0,0.0
1,19100,CHOCOLATE,7989,44,7988.0,84.0,,,7990,119,,,,,7989.5,0.0
1,19200,CHOCOLATE,7990,38,7989.0,96.0,,,7991,38,7992.0,96.0,,,7990.5,0.0
1,19300,CHOCOLATE,7991,38,7990.0,92.0,,,7992,38,7993.0,92.0,,,7991.5,0.0
1,19400,CHOCOLATE,7991,61,7990.0,94.0,,,7992,61,7993.0,94.0,,,7991.5,0.0
1,19500,CHOCOLATE,7992,49,7991.0,68.0,,,7993,123,,,,,7992.5,0.0
1,19600,CHOCOLATE,7991,142,,,,,7992,53,7993.0,89.0,,,7991.5,0.0
1,19700,CHOCOLATE,7992,119,,,,,7993,37,7994.0,82.0,,,7992.5,0.0
1,19800,CHOCOLATE,7992,105,,,,,7993,44,7994.0,61.0,,,7992.5,0.0
1,19900,CHOCOLATE,7991,42,7990.0,69.0,,,7992,48,7993.0,69.0,,,7991.5,0.0
1,20000,CHOCOLATE,7990,148,,,,,7992,148,,,,,7991.0,0.0
1,20100,CHOCOLATE,7992,94,,,,,7994,94,,,,,7993.0,0.0
1,20200,CHOCOLATE,7992,63,7991.0,80.0,,,7993,63,7994.0,80.0,,,7992.5,0.0
1,20300,CHOCOLATE,7990,111,,,,,7992,111,,,,,7991.0,0.0
1,20400,CHOCOLATE,7992,131,,,,,7994,131,,,,,7993.0,0.0
1,20500,CHOCOLATE,7993,131,,,,,7994,55,7995.0,76.0,,,7993.5,0.0
1,20600,CHOCOLATE,7993,56,7992.0,62.0,,,7994,118,,,,,7993.5,0.0
1,20700,CHOCOLATE,7993,48,7992.0,67.0,,,7994,48,7995.0,67.0,,,7993.5,0.0
1,20800,CHOCOLATE,7994,6,7993.0,113.0,,,7995,113,,,,,7994.5,0.0
1,20900,CHOCOLATE,7994,44,7993.0,96.0,,,7995,44,7996.0,96.0,,,7994.5,0.0
1,21000,CHOCOLATE,7994,47,7993.0,51.0,,,7995,47,7996.0,51.0,,,7994.5,0.0
1,21100,CHOCOLATE,7994,43,7993.0,95.0,,,7995,43,7996.0,95.0,,,7994.5,0.0
1,21200,CHOCOLATE,7996,44,7995.0,93.0,,,7997,137,,,,,7996.5,0.0
1,21300,CHOCOLATE,7995,39,7994.0,85.0,,,7996,39,7997.0,85.0,,,7995.5,0.0
1,21400,CHOCOLATE,7994,117,,,,,7995,61,7996.0,56.0,,,7994.5,0.0
1,21500,CHOCOLATE,7992,8,7991.0,107.0,,,7993,107,,,,,7992.5,0.0
1,21600,CHOCOLATE,7991,135,,,,,7992,37,7993.0,98.0,,,7991.5,0.0
1,21700,CHOCOLATE,7990,142,,,,,7992,142,,,,,7991.0,0.0
1,21800,CHOCOLATE,7992,58,7991.0,98.0,,,7993,58,7994.0,98.0,,,7992.5,0.0
1,21900,CHOCOLATE,7992,65,7991.0,92.0,,,7993,157,,,,,7992.5,0.0
1,22000,CHOCOLATE,7992,145,,,,,7994,145,,,,,7993.0,0.0
1,22100,CHOCOLATE,7992,92,,,,,7993,38,7994.0,54.0,,,7992.5,0.0
1,22200,CHOCOLATE,7994,37,7993.0,82.0,,,7995,37,7996.0,82.0,,,7994.5,0.0
1,22300,CHOCOLATE,7992,131,,,,,7993,45,7994.0,86.0,,,7992.5,0.0
1,22400,CHOCOLATE,7994,45,7993.0,78.0,,,7995,123,,,,,7994.5,0.0
1,22500,CHOCOLATE,7992,122,,,,,7993,57,7994.0,65.0,,,7992.5,0.0
1,22600,CHOCOLATE,7991,63,7990.0,59.0,,,7992,63,7993.0,59.0,,,7991.5,0.0
1,22700,CHOCOLATE,7991,47,7990.0,94.0,,,7992,141,,,,,7991.5,0.0
1,22800,CHOCOLATE,7991,48,7990.0,54.0,,,7992,102,,,,,7991.5,0.0
1,22900,CHOCOLATE,7990,114,,,,,7991,59,7992.0,55.0,,,7990.5,0.0
1,23000,CHOCOLATE,7992,53,7991.0,68.0,,,7993,53,7994.0,68.0,,,7992.5,0.0
1,23100,CHOCOLATE,7994,57,7993.0,100.0,,,7995,157,,,,,7994.5,0.0
1,23200,CHOCOLATE,7993,58,7992.0,79.0,,,7994,58,7995.0,79.0,,,7993.5,0.0
1,23300,CHOCOLATE,7993,50,7992.0,85.0,,,7994,135,,,,,7993.5,0.0
1,23400,CHOCOLATE,7992,38,7991.0,78.0,,,7993,38,7994.0,78.0,,,7992.5,0.0
1,23500,CHOCOLATE,7992,99,,,,,7994,99,,,,,7993.0,0.0
1,23600,CHOCOLATE,7992,132,,,,,7993,63,7994.0,69.0,,,7992.5,0.0
1,23700,CHOCOLATE,7991,140,,,,,7992,63,7993.0,77.0,,,7991.5,0.0
1,23800,CHOCOLATE,7992,56,7991.0,63.0,,,7993,56,7994.0,63.0,,,7992.5,0.0
1,23900,CHOCOLATE,7991,150,,,,,7993,145,,,,,7992.0,0.0
1,24000,CHOCOLATE,7992,99,,,,,7993,35,7994.0,64.0,,,7992.5,0.0
1,24100,CHOCOLATE,7992,111,,,,,7994,111,,,,,7993.0,0.0
1,24200,CHOCOLATE,7992,132,,,,,7994,132,,,,,7993.0,0.0
1,24300,CHOCOLATE,7991,146,,,,,7993,146,,,,,7992.0,0.0
1,24400,CHOCOLATE,7991,142,,,,,7992,63,7993.0,79.0,,,7991.5,0.0
1,24500,CHOCOLATE,7993,49,7992.0,63.0,,,7994,49,7995.0,63.0,,,7993.5,0.0
1,24600,CHOCOLATE,7992,124,,,,,7993,51,7994.0,73.0,,,7992.5,0.0
1,24700,CHOCOLATE,7992,109,,,,,7994,109,,,,,7993.0,0.0
1,24800,CHOCOLATE,7993,134,,,,,7994,50,7995.0,84.0,,,7993.5,0.0
1,24900,CHOCOLATE,7992,125,,,,,7994,125,,,,,7993.0,0.0
1,25000,CHOCOLATE,7992,103,,,,,7993,35,7994.0,68.0,,,7992.5,0.0
1,25100,CHOCOLATE,7991,147,,,,,7992,5,7993.0,147.0,,,7991.5,0.0
1,25200,CHOCOLATE,7991,106,,,,,7993,106,,,,,7992.0,0.0
1,25300,CHOCOLATE,7990,125,,,,,7992,125,,,,,7991.0,0.0
1,25400,CHOCOLATE,7989,53,7988.0,58.0,,,7990,111,,,,,7989.5,0.0
1,25500,CHOCOLATE,7990,110,,,,,7991,58,7992.0,52.0,,,7990.5,0.0
1,25600,CHOCOLATE,7991,117,,,,,7993,117,,,,,7992.0,0.0
1,25700,CHOCOLATE,7991,149,,,,,7993,149,,,,,7992.0,0.0
1,25800,CHOCOLATE,7991,139,,,,,7993,139,,,,,7992.0,0.0
1,25900,CHOCOLATE,7990,58,7989.0,57.0,,,7991,48,7992.0,57.0,,,7990.5,0.0
1,26000,CHOCOLATE,7989,145,,,,,7990,62,7991.0,83.0,,,7989.5,0.0
1,26100,CHOCOLATE,7990,131,,,,,7992,131,,,,,7991.0,0.0
1,26200,CHOCOLATE,7990,46,7989.0,65.0,,,7991,111,,,,,7990.5,0.0
1,26300,CHOCOLATE,7991,138,,,,,7993,138,,,,,7992.0,0.0
1,26400,CHOCOLATE,7991,110,,,,,7993,110,,,,,7992.0,0.0
1,26500,CHOCOLATE,7991,154,,,,,7993,154,,,,,7992.0,0.0
1,26600,CHOCOLATE,7993,110,,,,,7994,58,7995.0,52.0,,,7993.5,0.0
1,26700,CHOCOLATE,7994,119,,,,,7995,52,7996.0,67.0,,,7994.5,0.0
1,26800,CHOCOLATE,7993,65,7992.0,59.0,,,7994,124,,,,,7993.5,0.0
1,26900,CHOCOLATE,7993,98,,,,,7995,98,,,,,7994.0,0.0
1,27000,CHOCOLATE,7994,65,7993.0,73.0,,,7995,65,7996.0,73.0,,,7994.5,0.0
1,27100,CHOCOLATE,7994,48,7993.0,89.0,,,7995,137,,,,,7994.5,0.0
1,27200,CHOCOLATE,7993,64,7992.0,65.0,,,7994,129,,,,,7993.5,0.0
1,27300,CHOCOLATE,7992,100,,,,,7993,45,7994.0,55.0,,,7992.5,0.0
1,27400,CHOCOLATE,7993,52,7992.0,60.0,,,7994,112,,,,,7993.5,0.0
1,27500,CHOCOLATE,7993,35,7992.0,95.0,,,7994,130,,,,,7993.5,0.0
1,27600,CHOCOLATE,7992,39,7991.0,71.0,,,7993,110,,,,,7992.5,0.0
1,27700,CHOCOLATE,7990,59,7989.0,58.0,,,7991,59,7992.0,58.0,,,7990.5,0.0
1,27800,CHOCOLATE,7988,135,,,,,7990,135,,,,,7989.0,0.0
1,27900,CHOCOLATE,7989,41,7988.0,62.0,,,7990,103,,,,,7989.5,0.0
1,28000,CHOCOLATE,7988,140,,,,,7990,140,,,,,7989.0,0.0
1,28100,CHOCOLATE,7989,128,,,,,7991,128,,,,,7990.0,0.0
1,28200,CHOCOLATE,7989,102,,,,,7991,102,,,,,7990.0,0.0
1,28300,CHOCOLATE,7991,51,7990.0,86.0,,,7992,137,,,,,7991.5,0.0
1,28400,CHOCOLATE,7992,142,,,,,7993,49,7994.0,93.0,,,7992.5,0.0
1,28500,CHOCOLATE,7993,65,7992.0,74.0,,,7994,139,,,,,7993.5,0.0
1,28600,CHOCOLATE,7992,90,,,,,7994,90,,,,,7993.0,0.0
1,28700,CHOCOLATE,7992,94,,,,,7993,35,7994.0,59.0,,,7992.5,0.0
1,28800,CHOCOLATE,7992,141,,,,,7994,141,,,,,7993.0,0.0
1,28900,CHOCOLATE,7993,132,,,,,7995,132,,,,,7994.0,0.0
1,29000,CHOCOLATE,7994,56,7993.0,63.0,,,7995,119,,,,,7994.5,0.0
1,29100,CHOCOLATE,7994,149,,,,,7996,149,,,,,7995.0,0.0
1,29200,CHOCOLATE,7993,144,,,,,7995,144,,,,,7994.0,0.0
1,29300,CHOCOLATE,7994,36,7993.0,57.0,,,7995,36,7996.0,57.0,,,7994.5,0.0
1,29400,CHOCOLATE,7994,99,,,,,7996,99,,,,,7995.0,0.0
1,29500,CHOCOLATE,7994,45,7993.0,85.0,,,7995,130,,,,,7994.5,0.0
1,29600,CHOCOLATE,7994,137,,,,,7995,54,7996.0,83.0,,,7994.5,0.0
1,29700,CHOCOLATE,7994,49,7993.0,68.0,,,7995,49,7996.0,68.0,,,7994.5,0.0
1,29800,CHOCOLATE,7993,51,7992.0,74.0,,,7994,51,7995.0,74.0,,,7993.5,0.0
1,29900,CHOCOLATE,7993,146,,,,,7994,57,7995.0,89.0,,,7993.5,0.0
1,30000,CHOCOLATE,7993,123,,,,,7995,123,,,,,7994.0,0.0
1,30100,CHOCOLATE,7992,109,,,,,7994,109,,,,,7993.0,0.0
1,30200,CHOCOLATE,7994,41,7993.0,57.0,,,7995,98,,,,,7994.5,0.0
1,30300,CHOCOLATE,7995,127,,,,,7996,38,7997.0,89.0,,,7995.5,0.0
1,30400,CHOCOLATE,7996,121,,,,,7998,121,,,,,7997.0,0.0
1,30500,CHOCOLATE,7995,37,7994.0,71.0,,,7996,37,7997.0,71.0,,,7995.5,0.0
1,30600,CHOCOLATE,7995,57,7994.0,94.0,,,7996,151,,,,,7995.5,0.0
1,30700,CHOCOLATE,7993,126,,,,,7995,126,,,,,7994.0,0.0
1,30800,CHOCOLATE,7992,122,,,,,7993,59,7994.0,63.0,,,7992.5,0.0
1,30900,CHOCOLATE,7992,56,7991.0,67.0,,,7993,56,7994.0,67.0,,,7992.5,0.0
1,31000,CHOCOLATE,7991,65,7990.0,64.0,,,7992,129,,,,,7991.5,0.0
1,31100,CHOCOLATE,7991,122,,,,,7993,122,,,,,7992.0,0.0
1,31200,CHOCOLATE,7993,133,,,,,7994,65,7995.0,68.0,,,7993.5,0.0
1,31300,CHOCOLATE,7994,120,,,,,7996,120,,,,,7995.0,0.0
1,31400,CHOCOLATE,7996,40,7995.0,94.0,,,7997,134,,,,,7996.5,0.0
1,31500,CHOCOLATE,7997,44,7996.0,90.0,,,7998,134,,,,,7997.5,0.0
1,31600,CHOCOLATE,7997,54,7996.0,86.0,,,7998,140,,,,,7997.5,0.0
1,31700,CHOCOLATE,7997,51,7996.0,61.0,,,7998,112,,,,,7997.5,0.0
1,31800,CHOCOLATE,7995,45,7994.0,52.0,,,7996,45,7997.0,52.0,,,7995.5,0.0
1,31900,CHOCOLATE,7995,122,,,,,7997,122,,,,,7996.0,0.0
1,32000,CHOCOLATE,7995,53,7994.0,100.0,,,7996,53,7997.0,100.0,,,7995.5,0.0
1,32100,CHOCOLATE,7994,65,7993.0,73.0,,,7995,138,,,,,7994.5,0.0
1,32200,CHOCOLATE,7994,51,7993.0,53.0,,,7995,104,,,,,7994.5,0.0
1,32300,CHOCOLATE,7994,132,,,,,7996,132,,,,,7995.0,0.0
1,32400,CHOCOLATE,7995,63,7994.0,88.0,,,7996,63,7997.0,88.0,,,7995.5,0.0
1,32500,CHOCOLATE,7995,139,,,,,7997,139,,,,,7996.0,0.0
1,32600,CHOCOLATE,7992,131,,,,,7994,131,,,,,7993.0,0.0
1,32700,CHOCOLATE,7994,57,7993.0,98.0,,,7995,155,,,,,7994.5,0.0
1,32800,CHOCOLATE,7994,52,7993.0,95.0,,,7995,147,,,,,7994.5,0.0
1,32900,CHOCOLATE,7993,133,,,,,7994,63,7995.0,77.0,,,7993.5,0.0
1,33000,CHOCOLATE,7992,49,7991.0,88.0,,,7993,49,7994.0,88.0,,,7992.5,0.0
1,33100,CHOCOLATE,7993,121,,,,,7994,41,7995.0,80.0,,,7993.5,0.0
1,33200,CHOCOLATE,7994,35,7993.0,95.0,,,7995,35,7996.0,95.0,,,7994.5,0.0
1,33300,CHOCOLATE,7994,104,,,,,7996,104,,,,,7995.0,0.0
1,33400,CHOCOLATE,7995,130,,,,,7996,40,7997.0,90.0,,,7995.5,0.0
1,33500,CHOCOLATE,7995,113,,,,,7996,37,7997.0,76.0,,,7995.5,0.0
1,33600,CHOCOLATE,7996,61,7995.0,63.0,,,7997,124,,,,,7996.5,0.0
1,33700,CHOCOLATE,7996,36,7995.0,55.0,,,7997,91,,,,,7996.5,0.0
1,33800,CHOCOLATE,7996,153,,,,,7997,60,7998.0,93.0,,,7996.5,0.0
1,33900,CHOCOLATE,7996,62,7995.0,98.0,,,7997,62,7998.0,98.0,,,7996.5,0.0
1,34000,CHOCOLATE,7996,51,7995.0,63.0,,,7997,114,,,,,7996.5,0.0
1,34100,CHOCOLATE,7996,47,7995.0,65.0,,,7997,47,7998.0,65.0,,,7996.5,0.0
1,34200,CHOCOLATE,7996,155,,,,,7997,60,7998.0,95.0,,,7996.5,0.0
1,34300,CHOCOLATE,7997,152,,,,,7999,152,,,,,7998.0,0.0
1,34400,CHOCOLATE,7999,158,,,,,8001,158,,,,,8000.0,0.0
1,34500,CHOCOLATE,8000,55,7999.0,71.0,,,8001,55,8002.0,71.0,,,8000.5,0.0
1,34600,CHOCOLATE,8000,102,,,,,8001,44,8002.0,58.0,,,8000.5,0.0
1,34700,CHOCOLATE,8000,44,7999.0,91.0,,,8001,135,,,,,8000.5,0.0
1,34800,CHOCOLATE,8000,62,7999.0,89.0,,,8001,151,,,,,8000.5,0.0
1,34900,CHOCOLATE,7999,92,,,,,8001,92,,,,,8000.0,0.0
1,35000,CHOCOLATE,7998,145,,,,,7999,56,8000.0,89.0,,,7998.5,0.0
1,35100,CHOCOLATE,7997,108,,,,,7999,108,,,,,7998.0,0.0
1,35200,CHOCOLATE,7999,69,7998.0,76.0,,,8000,135,,,,,7999.5,0.0
1,35300,CHOCOLATE,7998,57,7997.0,71.0,,,7999,57,8000.0,71.0,,,7998.5,0.0
1,35400,CHOCOLATE,7999,156,,,,,8001,156,,,,,8000.0,0.0
1,35500,CHOCOLATE,7997,100,,,,,7999,100,,,,,7998.0,0.0
1,35600,CHOCOLATE,7996,103,,,,,7997,47,7998.0,56.0,,,7996.5,0.0
1,35700,CHOCOLATE,7995,108,,,,,7997,108,,,,,7996.0,0.0
1,35800,CHOCOLATE,7996,37,7995.0,54.0,,,7997,37,7998.0,54.0,,,7996.5,0.0
1,35900,CHOCOLATE,7995,59,7994.0,51.0,,,7996,110,,,,,7995.5,0.0
1,36000,CHOCOLATE,7994,49,7993.0,88.0,,,7995,49,7996.0,88.0,,,7994.5,0.0
1,36100,CHOCOLATE,7994,107,,,,,7996,107,,,,,7995.0,0.0
1,36200,CHOCOLATE,7994,143,,,,,7995,58,7996.0,85.0,,,7994.5,0.0
1,36300,CHOCOLATE,7994,112,,,,,7996,112,,,,,7995.0,0.0
1,36400,CHOCOLATE,7994,50,7993.0,79.0,,,7995,129,,,,,7994.5,0.0
1,36500,CHOCOLATE,7993,101,,,,,7995,101,,,,,7994.0,0.0
1,36600,CHOCOLATE,7993,42,7992.0,98.0,,,7994,42,7995.0,98.0,,,7993.5,0.0
1,36700,CHOCOLATE,7992,46,7991.0,61.0,,,7993,107,,,,,7992.5,0.0
1,36800,CHOCOLATE,7993,52,7992.0,69.0,,,7994,121,,,,,7993.5,0.0
1,36900,CHOCOLATE,7991,58,7990.0,97.0,,,7992,155,,,,,7991.5,0.0
1,37000,CHOCOLATE,7991,119,,,,,7993,119,,,,,7992.0,0.0
1,37100,CHOCOLATE,7991,148,,,,,7992,64,7993.0,84.0,,,7991.5,0.0
1,37200,CHOCOLATE,7990,131,,,,,7991,62,7992.0,69.0,,,7990.5,0.0
1,37300,CHOCOLATE,7991,113,,,,,7993,113,,,,,7992.0,0.0
1,37400,CHOCOLATE,7992,135,,,,,7993,36,7994.0,99.0,,,7992.5,0.0
1,37500,CHOCOLATE,7992,153,,,,,7993,64,7994.0,89.0,,,7992.5,0.0
1,37600,CHOCOLATE,7991,126,,,,,7993,120,,,,,7992.0,0.0
1,37700,CHOCOLATE,7990,142,,,,,7992,142,,,,,7991.0,0.0
1,37800,CHOCOLATE,7990,150,,,,,7991,52,7992.0,92.0,,,7990.5,0.0
1,37900,CHOCOLATE,7989,115,,,,,7991,115,,,,,7990.0,0.0
1,38000,CHOCOLATE,7990,130,,,,,7992,130,,,,,7991.0,0.0
1,38100,CHOCOLATE,7990,143,,,,,7992,143,,,,,7991.0,0.0
1,38200,CHOCOLATE,7991,113,,,,,7993,113,,,,,7992.0,0.0
1,38300,CHOCOLATE,7990,37,7989.0,53.0,,,7991,37,7992.0,53.0,,,7990.5,0.0
1,38400,CHOCOLATE,7990,62,7989.0,64.0,,,7991,62,7992.0,64.0,,,7990.5,0.0
1,38500,CHOCOLATE,7990,54,7989.0,67.0,,,7991,54,7992.0,67.0,,,7990.5,0.0
1,38600,CHOCOLATE,7988,99,,,,,7989,41,7990.0,58.0,,,7988.5,0.0
1,38700,CHOCOLATE,7988,133,,,,,7990,133,,,,,7989.0,0.0
1,38800,CHOCOLATE,7986,129,,,,,7988,129,,,,,7987.0,0.0
1,38900,CHOCOLATE,7988,121,,,,,7990,121,,,,,7989.0,0.0
1,39000,CHOCOLATE,7988,144,,,,,7990,144,,,,,7989.0,0.0
1,39100,CHOCOLATE,7989,115,,,,,7991,115,,,,,7990.0,0.0
1,39200,CHOCOLATE,7988,45,7987.0,66.0,,,7989,45,7990.0,66.0,,,7988.5,0.0
1,39300,CHOCOLATE,7988,125,,,,,7990,125,,,,,7989.0,0.0
1,39400,CHOCOLATE,7988,125,,,,,7990,125,,,,,7989.0,0.0
1,39500,CHOCOLATE,7987,138,,,,,7989,138,,,,,7988.0,0.0
1,39600,CHOCOLATE,7987,119,,,,,7988,59,7989.0,60.0,,,7987.5,0.0
1,39700,CHOCOLATE,7987,48,7986.0,89.0,,,7988,137,,,,,7987.5,0.0
1,39800,CHOCOLATE,7988,49,7987.0,54.0,,,7989,103,,,,,7988.5,0.0
1,39900,CHOCOLATE,7986,116,,,,,7988,116,,,,,7987.0,0.0
1,40000,CHOCOLATE,7986,61,7985.0,100.0,,,7987,161,,,,,7986.5,0.0
1,40100,CHOCOLATE,7986,158,,,,,7987,64,7988.0,94.0,,,7986.5,0.0
1,40200,CHOCOLATE,7987,55,7986.0,82.0,,,7988,55,7989.0,82.0,,,7987.5,0.0
1,40300,CHOCOLATE,7988,43,7987.0,99.0,,,7989,142,,,,,7988.5,0.0
1,40400,CHOCOLATE,7987,118,,,,,7988,64,7989.0,54.0,,,7987.5,0.0
1,40500,CHOCOLATE,7987,135,,,,,7989,135,,,,,7988.0,0.0
1,40600,CHOCOLATE,7988,121,,,,,7989,53,7990.0,68.0,,,7988.5,0.0
1,40700,CHOCOLATE,7989,42,7988.0,63.0,,,7990,105,,,,,7989.5,0.0
1,40800,CHOCOLATE,7988,65,7987.0,82.0,,,7989,147,,,,,7988.5,0.0
1,40900,CHOCOLATE,7988,64,7987.0,72.0,,,7989,64,7990.0,72.0,,,7988.5,0.0
1,41000,CHOCOLATE,7990,116,,,,,7991,61,7992.0,55.0,,,7990.5,0.0
1,41100,CHOCOLATE,7990,51,7989.0,54.0,,,7991,105,,,,,7990.5,0.0
1,41200,CHOCOLATE,7990,63,7989.0,80.0,,,7991,143,,,,,7990.5,0.0
1,41300,CHOCOLATE,7990,127,,,,,7991,51,7992.0,76.0,,,7990.5,0.0
1,41400,CHOCOLATE,7991,36,7990.0,84.0,,,7992,120,,,,,7991.5,0.0
1,41500,CHOCOLATE,7992,123,,,,,7993,51,7994.0,72.0,,,7992.5,0.0
1,41600,CHOCOLATE,7993,116,,,,,7995,116,,,,,7994.0,0.0
1,41700,CHOCOLATE,7992,116,,,,,7994,116,,,,,7993.0,0.0
1,41800,CHOCOLATE,7993,70,7992.0,74.0,,,7994,139,,,,,7993.5,0.0
1,41900,CHOCOLATE,7991,151,,,,,7993,151,,,,,7992.0,0.0
1,42000,CHOCOLATE,7993,153,,,,,7994,57,7995.0,96.0,,,7993.5,0.0
1,42100,CHOCOLATE,7992,152,,,,,7993,54,7994.0,98.0,,,7992.5,0.0
1,42200,CHOCOLATE,7993,94,,,,,7995,94,,,,,7994.0,0.0
1,42300,CHOCOLATE,7993,137,,,,,7994,37,7995.0,100.0,,,7993.5,0.0
1,42400,CHOCOLATE,7993,121,,,,,7995,121,,,,,7994.0,0.0
1,42500,CHOCOLATE,7993,64,7992.0,74.0,,,7994,138,,,,,7993.5,0.0
1,42600,CHOCOLATE,7992,118,,,,,7993,4,7994.0,118.0,,,7992.5,0.0
1,42700,CHOCOLATE,7991,36,7990.0,84.0,,,7992,36,7993.0,84.0,,,7991.5,0.0
1,42800,CHOCOLATE,7991,164,,,,,7993,154,,,,,7992.0,0.0
1,42900,CHOCOLATE,7992,53,7991.0,99.0,,,7993,53,7994.0,99.0,,,7992.5,0.0
1,43000,CHOCOLATE,7993,35,7992.0,51.0,,,7994,86,,,,,7993.5,0.0
1,43100,CHOCOLATE,7993,124,,,,,7995,124,,,,,7994.0,0.0
1,43200,CHOCOLATE,7993,123,,,,,7995,123,,,,,7994.0,0.0
1,43300,CHOCOLATE,7993,122,,,,,7994,64,7995.0,58.0,,,7993.5,0.0
1,43400,CHOCOLATE,7993,44,7992.0,68.0,,,7994,44,7995.0,68.0,,,7993.5,0.0
1,43500,CHOCOLATE,7994,139,,,,,7995,61,7996.0,78.0,,,7994.5,0.0
1,43600,CHOCOLATE,7995,116,,,,,7997,116,,,,,7996.0,0.0
1,43700,CHOCOLATE,7995,97,,,,,7997,97,,,,,7996.0,0.0
1,43800,CHOCOLATE,7996,49,7995.0,94.0,,,7997,143,,,,,7996.5,0.0
1,43900,CHOCOLATE,7997,51,7996.0,89.0,,,7998,51,7999.0,89.0,,,7997.5,0.0
1,44000,CHOCOLATE,7998,42,7997.0,63.0,,,7999,42,8000.0,63.0,,,7998.5,0.0
1,44100,CHOCOLATE,7997,131,,,,,7999,131,,,,,7998.0,0.0
1,44200,CHOCOLATE,7996,108,,,,,7998,108,,,,,7997.0,0.0
1,44300,CHOCOLATE,7996,143,,,,,7997,46,7998.0,97.0,,,7996.5,0.0
1,44400,CHOCOLATE,7998,42,7997.0,83.0,,,7999,125,,,,,7998.5,0.0
1,44500,CHOCOLATE,7999,91,,,,,8000,39,8001.0,52.0,,,7999.5,0.0
1,44600,CHOCOLATE,8000,46,7999.0,91.0,,,8001,137,,,,,8000.5,0.0
1,44700,CHOCOLATE,7999,126,,,,,8001,126,,,,,8000.0,0.0
1,44800,CHOCOLATE,8001,116,,,,,8003,116,,,,,8002.0,0.0
1,44900,CHOCOLATE,8000,128,,,,,8002,128,,,,,8001.0,0.0
1,45000,CHOCOLATE,8000,148,,,,,8002,148,,,,,8001.0,0.0
1,45100,CHOCOLATE,8000,100,,,,,8001,49,8002.0,51.0,,,8000.5,0.0
1,45200,CHOCOLATE,8000,38,7999.0,84.0,,,8001,122,,,,,8000.5,0.0
1,45300,CHOCOLATE,8002,54,8001.0,94.0,,,8003,148,,,,,8002.5,0.0
1,45400,CHOCOLATE,8002,58,8001.0,96.0,,,8003,154,,,,,8002.5,0.0
1,45500,CHOCOLATE,8000,145,,,,,8002,145,,,,,8001.0,0.0
1,45600,CHOCOLATE,8001,142,,,,,8003,142,,,,,8002.0,0.0
1,45700,CHOCOLATE,8001,102,,,,,8002,43,8003.0,59.0,,,8001.5,0.0
1,45800,CHOCOLATE,8002,141,,,,,8003,52,8004.0,89.0,,,8002.5,0.0
1,45900,CHOCOLATE,8001,139,,,,,8003,139,,,,,8002.0,0.0
1,46000,CHOCOLATE,8001,56,8000.0,100.0,,,8002,56,8003.0,100.0,,,8001.5,0.0
1,46100,CHOCOLATE,7999,144,,,,,8000,64,8001.0,80.0,,,7999.5,0.0
1,46200,CHOCOLATE,7999,138,,,,,8001,138,,,,,8000.0,0.0
1,46300,CHOCOLATE,7996,126,,,,,7998,126,,,,,7997.0,0.0
1,46400,CHOCOLATE,7997,109,,,,,7999,109,,,,,7998.0,0.0
1,46500,CHOCOLATE,7994,149,,,,,7995,61,7996.0,88.0,,,7994.5,0.0
1,46600,CHOCOLATE,7994,56,7993.0,80.0,,,7995,128,,,,,7994.5,0.0
1,46700,CHOCOLATE,7995,117,,,,,7997,117,,,,,7996.0,0.0
1,46800,CHOCOLATE,7996,129,,,,,7997,63,7998.0,66.0,,,7996.5,0.0
1,46900,CHOCOLATE,7995,147,,,,,7996,63,7997.0,84.0,,,7995.5,0.0
1,47000,CHOCOLATE,7994,124,,,,,7996,124,,,,,7995.0,0.0
1,47100,CHOCOLATE,7994,115,,,,,7996,115,,,,,7995.0,0.0
1,47200,CHOCOLATE,7995,43,7994.0,74.0,,,7996,117,,,,,7995.5,0.0
1,47300,CHOCOLATE,7995,62,7994.0,56.0,,,7996,62,7997.0,56.0,,,7995.5,0.0
1,47400,CHOCOLATE,7994,147,,,,,7995,57,7996.0,90.0,,,7994.5,0.0
1,47500,CHOCOLATE,7996,39,7995.0,81.0,,,7997,120,,,,,7996.5,0.0
1,47600,CHOCOLATE,7994,154,,,,,7996,154,,,,,7995.0,0.0
1,47700,CHOCOLATE,7995,63,7994.0,68.0,,,7996,131,,,,,7995.5,0.0
1,47800,CHOCOLATE,7994,112,,,,,7995,54,7996.0,58.0,,,7994.5,0.0
1,47900,CHOCOLATE,7992,131,,,,,7994,131,,,,,7993.0,0.0
1,48000,CHOCOLATE,7991,105,,,,,7993,105,,,,,7992.0,0.0
1,48100,CHOCOLATE,7993,48,7992.0,62.0,,,7994,110,,,,,7993.5,0.0
1,48200,CHOCOLATE,7992,96,,,,,7994,96,,,,,7993.0,0.0
1,48300,CHOCOLATE,7991,56,7990.0,86.0,,,7992,142,,,,,7991.5,0.0
1,48400,CHOCOLATE,7990,115,,,,,7992,115,,,,,7991.0,0.0
1,48500,CHOCOLATE,7991,112,,,,,7993,112,,,,,7992.0,0.0
1,48600,CHOCOLATE,7991,106,,,,,7992,48,7993.0,58.0,,,7991.5,0.0
1,48700,CHOCOLATE,7992,139,,,,,7993,57,7994.0,82.0,,,7992.5,0.0
1,48800,CHOCOLATE,7992,64,7991.0,90.0,,,7993,154,,,,,7992.5,0.0
1,48900,CHOCOLATE,7991,139,,,,,7993,139,,,,,7992.0,0.0
1,49000,CHOCOLATE,7992,59,7991.0,87.0,,,7993,59,7994.0,87.0,,,7992.5,0.0
1,49100,CHOCOLATE,7991,126,,,,,7993,126,,,,,7992.0,0.0
1,49200,CHOCOLATE,7992,94,,,,,7993,36,7994.0,58.0,,,7992.5,0.0
1,49300,CHOCOLATE,7992,118,,,,,7994,118,,,,,7993.0,0.0
1,49400,CHOCOLATE,7991,115,,,,,7993,115,,,,,7992.0,0.0
1,49500,CHOCOLATE,7990,39,7989.0,81.0,,,7991,120,,,,,7990.5,0.0
1,49600,CHOCOLATE,7989,132,,,,,7990,43,7991.0,89.0,,,7989.5,0.0
1,49700,CHOCOLATE,7990,136,,,,,7992,136,,,,,7991.0,0.0
1,49800,CHOCOLATE,7991,49,7990.0,86.0,,,7992,135,,,,,7991.5,0.0
1,49900,CHOCOLATE,7991,57,7990.0,56.0,,,7992,113,,,,,7991.5,0.0
1,50000,CHOCOLATE,7990,143,,,,,7992,143,,,,,7991.0,0.0
1,50100,CHOCOLATE,7991,127,,,,,7993,127,,,,,7992.0,0.0
1,50200,CHOCOLATE,7992,122,,,,,7994,122,,,,,7993.0,0.0
1,50300,CHOCOLATE,7994,107,,,,,7996,107,,,,,7995.0,0.0
1,50400,CHOCOLATE,7993,112,,,,,7994,36,7995.0,76.0,,,7993.5,0.0
1,50500,CHOCOLATE,7993,35,7992.0,74.0,,,7994,109,,,,,7993.5,0.0
1,50600,CHOCOLATE,7993,140,,,,,7995,140,,,,,7994.0,0.0
1,50700,CHOCOLATE,7992,91,,,,,7994,91,,,,,7993.0,0.0
1,50800,CHOCOLATE,7993,56,7992.0,70.0,,,7994,126,,,,,7993.5,0.0
1,50900,CHOCOLATE,7992,38,7991.0,57.0,,,7993,38,7994.0,57.0,,,7992.5,0.0
1,51000,CHOCOLATE,7992,156,,,,,7993,61,7994.0,95.0,,,7992.5,0.0
1,51100,CHOCOLATE,7991,135,,,,,7993,135,,,,,7992.0,0.0
1,51200,CHOCOLATE,7991,125,,,,,7993,125,,,,,7992.0,0.0
1,51300,CHOCOLATE,7990,54,7989.0,68.0,,,7991,122,,,,,7990.5,0.0
1,51400,CHOCOLATE,7990,54,7989.0,91.0,,,7991,54,7992.0,91.0,,,7990.5,0.0
1,51500,CHOCOLATE,7991,63,7990.0,58.0,,,7992,56,7993.0,58.0,,,7991.5,0.0
1,51600,CHOCOLATE,7992,52,7991.0,80.0,,,7993,52,7994.0,80.0,,,7992.5,0.0
1,51700,CHOCOLATE,7991,120,,,,,7992,48,7993.0,72.0,,,7991.5,0.0
1,51800,CHOCOLATE,7991,51,7990.0,63.0,,,7992,51,7993.0,63.0,,,7991.5,0.0
1,51900,CHOCOLATE,7990,41,7989.0,86.0,,,7991,41,7992.0,86.0,,,7990.5,0.0
1,52000,CHOCOLATE,7991,42,7990.0,58.0,,,7992,42,7993.0,58.0,,,7991.5,0.0
1,52100,CHOCOLATE,7991,149,,,,,7993,149,,,,,7992.0,0.0
1,52200,CHOCOLATE,7991,112,,,,,7993,112,,,,,7992.0,0.0
1,52300,CHOCOLATE,7991,50,7990.0,63.0,,,7992,50,7993.0,63.0,,,7991.5,0.0
1,52400,CHOCOLATE,7991,48,7990.0,69.0,,,7992,117,,,,,7991.5,0.0
1,52500,CHOCOLATE,7989,99,,,,,7991,99,,,,,7990.0,0.0
1,52600,CHOCOLATE,7989,36,7988.0,87.0,,,7990,36,7991.0,87.0,,,7989.5,0.0
1,52700,CHOCOLATE,7990,57,7989.0,66.0,,,7991,123,,,,,7990.5,0.0
1,52800,CHOCOLATE,7989,126,,,,,7991,126,,,,,7990.0,0.0
1,52900,CHOCOLATE,7990,41,7989.0,50.0,,,7991,41,7992.0,50.0,,,7990.5,0.0
1,53000,CHOCOLATE,7988,109,,,,,7989,45,7990.0,64.0,,,7988.5,0.0
1,53100,CHOCOLATE,7989,59,7988.0,50.0,,,7990,59,7991.0,50.0,,,7989.5,0.0
1,53200,CHOCOLATE,7989,56,7988.0,60.0,,,7990,56,7991.0,60.0,,,7989.5,0.0
1,53300,CHOCOLATE,7988,56,7987.0,86.0,,,7989,142,,,,,7988.5,0.0
1,53400,CHOCOLATE,7989,138,,,,,7991,138,,,,,7990.0,0.0
1,53500,CHOCOLATE,7988,136,,,,,7989,37,7990.0,99.0,,,7988.5,0.0
1,53600,CHOCOLATE,7987,115,,,,,7989,115,,,,,7988.0,0.0
1,53700,CHOCOLATE,7985,122,,,,,7987,122,,,,,7986.0,0.0
1,53800,CHOCOLATE,7984,35,7983.0,97.0,,,7985,35,7986.0,97.0,,,7984.5,0.0
1,53900,CHOCOLATE,7982,133,,,,,7983,40,7984.0,93.0,,,7982.5,0.0
1,54000,CHOCOLATE,7981,104,,,,,7983,104,,,,,7982.0,0.0
1,54100,CHOCOLATE,7980,51,7979.0,60.0,,,7981,51,7982.0,60.0,,,7980.5,0.0
1,54200,CHOCOLATE,7980,104,,,,,7981,43,7982.0,52.0,,,7980.5,0.0
1,54300,CHOCOLATE,7980,41,7979.0,79.0,,,7981,120,,,,,7980.5,0.0
1,54400,CHOCOLATE,7981,128,,,,,7982,53,7983.0,79.0,,,7981.5,0.0
1,54500,CHOCOLATE,7981,50,7980.0,67.0,,,7982,117,,,,,7981.5,0.0
1,54600,CHOCOLATE,7979,119,,,,,7981,113,,,,,7980.0,0.0
1,54700,CHOCOLATE,7979,129,,,,,7981,129,,,,,7980.0,0.0
1,54800,CHOCOLATE,7979,122,,,,,7981,122,,,,,7980.0,0.0
1,54900,CHOCOLATE,7979,150,,,,,7981,150,,,,,7980.0,0.0
1,55000,CHOCOLATE,7980,108,,,,,7981,44,7982.0,64.0,,,7980.5,0.0
1,55100,CHOCOLATE,7980,136,,,,,7982,136,,,,,7981.0,0.0
1,55200,CHOCOLATE,7982,53,7981.0,53.0,,,7983,53,7984.0,53.0,,,7982.5,0.0
1,55300,CHOCOLATE,7982,41,7981.0,95.0,,,7983,41,7984.0,95.0,,,7982.5,0.0
1,55400,CHOCOLATE,7982,127,,,,,7984,127,,,,,7983.0,0.0
1,55500,CHOCOLATE,7982,51,7981.0,52.0,,,7983,103,,,,,7982.5,0.0
1,55600,CHOCOLATE,7982,118,,,,,7984,118,,,,,7983.0,0.0
1,55700,CHOCOLATE,7983,59,7982.0,98.0,,,7984,157,,,,,7983.5,0.0
1,55800,CHOCOLATE,7981,127,,,,,7983,127,,,,,7982.0,0.0
1,55900,CHOCOLATE,7981,61,7980.0,70.0,,,7982,131,,,,,7981.5,0.0
1,56000,CHOCOLATE,7980,37,7979.0,77.0,,,7981,37,7982.0,77.0,,,7980.5,0.0
1,56100,CHOCOLATE,7980,124,,,,,7981,38,7982.0,86.0,,,7980.5,0.0
1,56200,CHOCOLATE,7979,123,,,,,7981,123,,,,,7980.0,0.0
1,56300,CHOCOLATE,7980,111,,,,,7982,111,,,,,7981.0,0.0
1,56400,CHOCOLATE,7982,123,,,,,7983,57,7984.0,66.0,,,7982.5,0.0
1,56500,CHOCOLATE,7982,55,7981.0,73.0,,,7983,55,7984.0,73.0,,,7982.5,0.0
1,56600,CHOCOLATE,7984,53,7983.0,59.0,,,7985,112,,,,,7984.5,0.0
1,56700,CHOCOLATE,7983,63,7982.0,76.0,,,7984,63,7985.0,76.0,,,7983.5,0.0
1,56800,CHOCOLATE,7981,157,,,,,7982,57,7983.0,100.0,,,7981.5,0.0
1,56900,CHOCOLATE,7980,113,,,,,7981,60,7982.0,53.0,,,7980.5,0.0
1,57000,CHOCOLATE,7981,52,7980.0,55.0,,,7982,107,,,,,7981.5,0.0
1,57100,CHOCOLATE,7980,47,7979.0,54.0,,,7981,101,,,,,7980.5,0.0
1,57200,CHOCOLATE,7979,121,,,,,7981,121,,,,,7980.0,0.0
1,57300,CHOCOLATE,7979,147,,,,,7981,147,,,,,7980.0,0.0
1,57400,CHOCOLATE,7980,98,,,,,7982,98,,,,,7981.0,0.0
1,57500,CHOCOLATE,7981,130,,,,,7983,130,,,,,7982.0,0.0
1,57600,CHOCOLATE,7981,136,,,,,7983,136,,,,,7982.0,0.0
1,57700,CHOCOLATE,7983,116,,,,,7985,116,,,,,7984.0,0.0
1,57800,CHOCOLATE,7984,65,7983.0,80.0,,,7985,145,,,,,7984.5,0.0
1,57900,CHOCOLATE,7983,106,,,,,7985,106,,,,,7984.0,0.0
1,58000,CHOCOLATE,7983,56,7982.0,79.0,,,7984,56,7985.0,79.0,,,7983.5,0.0
1,58100,CHOCOLATE,7983,49,7982.0,59.0,,,7984,108,,,,,7983.5,0.0
1,58200,CHOCOLATE,7981,106,,,,,7983,106,,,,,7982.0,0.0
1,58300,CHOCOLATE,7982,117,,,,,7984,117,,,,,7983.0,0.0
1,58400,CHOCOLATE,7982,131,,,,,7983,35,7984.0,96.0,,,7982.5,0.0
1,58500,CHOCOLATE,7983,54,7982.0,72.0,,,7984,54,7985.0,72.0,,,7983.5,0.0
1,58600,CHOCOLATE,7985,136,,,,,7987,136,,,,,7986.0,0.0
1,58700,CHOCOLATE,7985,65,7984.0,94.0,,,7986,65,7987.0,94.0,,,7985.5,0.0
1,58800,CHOCOLATE,7985,43,7984.0,97.0,,,7986,140,,,,,7985.5,0.0
1,58900,CHOCOLATE,7985,53,7984.0,92.0,,,7986,53,7987.0,92.0,,,7985.5,0.0
1,59000,CHOCOLATE,7984,65,7983.0,78.0,,,7985,65,7986.0,78.0,,,7984.5,0.0
1,59100,CHOCOLATE,7984,35,7983.0,51.0,,,7985,35,7986.0,51.0,,,7984.5,0.0
1,59200,CHOCOLATE,7985,115,,,,,7986,39,7987.0,69.0,,,7985.5,0.0
1,59300,CHOCOLATE,7985,52,7984.0,91.0,,,7986,143,,,,,7985.5,0.0
1,59400,CHOCOLATE,7985,100,,,,,7987,100,,,,,7986.0,0.0
1,59500,CHOCOLATE,7984,133,,,,,7985,60,7986.0,73.0,,,7984.5,0.0
1,59600,CHOCOLATE,7983,157,,,,,7985,157,,,,,7984.0,0.0
1,59700,CHOCOLATE,7984,127,,,,,7986,127,,,,,7985.0,0.0
1,59800,CHOCOLATE,7984,58,7983.0,81.0,,,7985,139,,,,,7984.5,0.0
1,59900,CHOCOLATE,7983,154,,,,,7984,57,7985.0,97.0,,,7983.5,0.0
1,60000,CHOCOLATE,7982,113,,,,,7984,113,,,,,7983.0,0.0
1,60100,CHOCOLATE,7981,145,,,,,7982,58,7983.0,87.0,,,7981.5,0.0
1,60200,CHOCOLATE,7982,43,7981.0,99.0,,,7983,142,,,,,7982.5,0.0
1,60300,CHOCOLATE,7981,98,,,,,7982,36,7983.0,62.0,,,7981.5,0.0
1,60400,CHOCOLATE,7981,57,7980.0,53.0,,,7982,110,,,,,7981.5,0.0
1,60500,CHOCOLATE,7982,120,,,,,7983,51,7984.0,69.0,,,7982.5,0.0
1,60600,CHOCOLATE,7981,111,,,,,7983,111,,,,,7982.0,0.0
1,60700,CHOCOLATE,7981,128,,,,,7983,128,,,,,7982.0,0.0
1,60800,CHOCOLATE,7983,143,,,,,7985,143,,,,,7984.0,0.0
1,60900,CHOCOLATE,7986,45,7985.0,96.0,,,7987,141,,,,,7986.5,0.0
1,61000,CHOCOLATE,7987,37,7986.0,78.0,,,7988,115,,,,,7987.5,0.0
1,61100,CHOCOLATE,7986,107,,,,,7988,107,,,,,7987.0,0.0
1,61200,CHOCOLATE,7988,37,7987.0,58.0,,,7989,95,,,,,7988.5,0.0
1,61300,CHOCOLATE,7989,139,,,,,7991,139,,,,,7990.0,0.0
1,61400,CHOCOLATE,7989,42,7988.0,87.0,,,7990,129,,,,,7989.5,0.0
1,61500,CHOCOLATE,7991,52,7990.0,73.0,,,7992,52,7993.0,73.0,,,7991.5,0.0
1,61600,CHOCOLATE,7991,118,,,,,7993,118,,,,,7992.0,0.0
1,61700,CHOCOLATE,7991,39,7990.0,71.0,,,7992,110,,,,,7991.5,0.0
1,61800,CHOCOLATE,7990,150,,,,,7991,59,7992.0,91.0,,,7990.5,0.0
1,61900,CHOCOLATE,7991,109,,,,,7992,53,7993.0,56.0,,,7991.5,0.0
1,62000,CHOCOLATE,7990,129,,,,,7992,129,,,,,7991.0,0.0
1,62100,CHOCOLATE,7990,59,7989.0,51.0,,,7991,59,7992.0,51.0,,,7990.5,0.0
1,62200,CHOCOLATE,7988,117,,,,,7990,117,,,,,7989.0,0.0
1,62300,CHOCOLATE,7989,54,7988.0,99.0,,,7990,153,,,,,7989.5,0.0
1,62400,CHOCOLATE,7989,36,7988.0,93.0,,,7990,36,7991.0,93.0,,,7989.5,0.0
1,62500,CHOCOLATE,7988,146,,,,,7990,146,,,,,7989.0,0.0
1,62600,CHOCOLATE,7990,53,7989.0,71.0,,,7991,124,,,,,7990.5,0.0
1,62700,CHOCOLATE,7989,129,,,,,7990,65,7991.0,64.0,,,7989.5,0.0
1,62800,CHOCOLATE,7989,121,,,,,7991,121,,,,,7990.0,0.0
1,62900,CHOCOLATE,7990,132,,,,,7991,42,7992.0,90.0,,,7990.5,0.0
1,63000,CHOCOLATE,7990,98,,,,,7992,98,,,,,7991.0,0.0
1,63100,CHOCOLATE,7989,109,,,,,7991,109,,,,,7990.0,0.0
1,63200,CHOCOLATE,7990,37,7989.0,98.0,,,7991,135,,,,,7990.5,0.0
1,63300,CHOCOLATE,7990,57,7989.0,69.0,,,7991,57,7992.0,69.0,,,7990.5,0.0
1,63400,CHOCOLATE,7989,48,7988.0,62.0,,,7990,110,,,,,7989.5,0.0
1,63500,CHOCOLATE,7990,47,7989.0,62.0,,,7991,40,7992.0,62.0,,,7990.5,0.0
1,63600,CHOCOLATE,7989,130,,,,,7991,130,,,,,7990.0,0.0
1,63700,CHOCOLATE,7991,108,,,,,7992,37,7993.0,71.0,,,7991.5,0.0
1,63800,CHOCOLATE,7991,150,,,,,7992,56,7993.0,94.0,,,7991.5,0.0
1,63900,CHOCOLATE,7989,157,,,,,7991,157,,,,,7990.0,0.0
1,64000,CHOCOLATE,7991,140,,,,,7992,57,7993.0,83.0,,,7991.5,0.0
1,64100,CHOCOLATE,7991,114,,,,,7993,114,,,,,7992.0,0.0
1,64200,CHOCOLATE,7992,113,,,,,7993,36,7994.0,77.0,,,7992.5,0.0
1,64300,CHOCOLATE,7992,104,,,,,7993,44,7994.0,60.0,,,7992.5,0.0
1,64400,CHOCOLATE,7994,59,7993.0,64.0,,,7995,59,7996.0,64.0,,,7994.5,0.0
1,64500,CHOCOLATE,7994,53,7993.0,59.0,,,7995,112,,,,,7994.5,0.0
1,64600,CHOCOLATE,7993,64,7992.0,88.0,,,7994,64,7995.0,88.0,,,7993.5,0.0
1,64700,CHOCOLATE,7993,51,7992.0,61.0,,,7994,112,,,,,7993.5,0.0
1,64800,CHOCOLATE,7991,103,,,,,7993,103,,,,,7992.0,0.0
1,64900,CHOCOLATE,7992,133,,,,,7993,39,7994.0,94.0,,,7992.5,0.0
1,65000,CHOCOLATE,7992,37,7991.0,76.0,,,7993,113,,,,,7992.5,0.0
1,65100,CHOCOLATE,7991,40,7990.0,95.0,,,7992,135,,,,,7991.5,0.0
1,65200,CHOCOLATE,7991,97,,,,,7993,97,,,,,7992.0,0.0
1,65300,CHOCOLATE,7991,105,,,,,7993,105,,,,,7992.0,0.0
1,65400,CHOCOLATE,7991,137,,,,,7993,137,,,,,7992.0,0.0
1,65500,CHOCOLATE,7993,59,7992.0,68.0,,,7994,127,,,,,7993.5,0.0
1,65600,CHOCOLATE,7994,32,7993.0,100.0,,,7995,137,,,,,7994.5,0.0
1,65700,CHOCOLATE,7995,115,,,,,7996,65,7997.0,50.0,,,7995.5,0.0
1,65800,CHOCOLATE,7997,123,,,,,7998,37,7999.0,86.0,,,7997.5,0.0
1,65900,CHOCOLATE,7998,115,,,,,8000,115,,,,,7999.0,0.0
1,66000,CHOCOLATE,7998,134,,,,,8000,134,,,,,7999.0,0.0
1,66100,CHOCOLATE,7999,48,7998.0,77.0,,,8000,48,8001.0,77.0,,,7999.5,0.0
1,66200,CHOCOLATE,7999,108,,,,,8001,108,,,,,8000.0,0.0
1,66300,CHOCOLATE,7999,65,7998.0,95.0,,,8000,65,8001.0,95.0,,,7999.5,0.0
1,66400,CHOCOLATE,7998,112,,,,,8000,112,,,,,7999.0,0.0
1,66500,CHOCOLATE,8000,51,7999.0,70.0,,,8001,121,,,,,8000.5,0.0
1,66600,CHOCOLATE,7999,156,,,,,8001,156,,,,,8000.0,0.0
1,66700,CHOCOLATE,7999,131,,,,,8000,50,8001.0,81.0,,,7999.5,0.0
1,66800,CHOCOLATE,7998,110,,,,,8000,110,,,,,7999.0,0.0
1,66900,CHOCOLATE,7998,152,,,,,8000,152,,,,,7999.0,0.0
1,67000,CHOCOLATE,7998,64,7997.0,63.0,,,7999,64,8000.0,63.0,,,7998.5,0.0
1,67100,CHOCOLATE,7997,131,,,,,7998,51,7999.0,80.0,,,7997.5,0.0
1,67200,CHOCOLATE,7998,37,7997.0,62.0,,,7999,99,,,,,7998.5,0.0
1,67300,CHOCOLATE,7996,113,,,,,7997,38,7998.0,75.0,,,7996.5,0.0
1,67400,CHOCOLATE,7996,126,,,,,7998,126,,,,,7997.0,0.0
1,67500,CHOCOLATE,7996,105,,,,,7998,105,,,,,7997.0,0.0
1,67600,CHOCOLATE,7997,51,7996.0,54.0,,,7998,114,,,,,7997.5,0.0
1,67700,CHOCOLATE,7999,113,,,,,8001,113,,,,,8000.0,0.0
1,67800,CHOCOLATE,7999,62,7998.0,94.0,,,8000,156,,,,,7999.5,0.0
1,67900,CHOCOLATE,7999,138,,,,,8001,138,,,,,8000.0,0.0
1,68000,CHOCOLATE,8001,44,8000.0,100.0,,,8002,44,8003.0,100.0,,,8001.5,0.0
1,68100,CHOCOLATE,7998,56,7997.0,85.0,,,7999,56,8000.0,85.0,,,7998.5,0.0
1,68200,CHOCOLATE,7996,114,,,,,7998,114,,,,,7997.0,0.0
1,68300,CHOCOLATE,7996,42,7995.0,56.0,,,7997,98,,,,,7996.5,0.0
1,68400,CHOCOLATE,7998,98,,,,,8000,98,,,,,7999.0,0.0
1,68500,CHOCOLATE,7997,105,,,,,7998,38,7999.0,74.0,,,7997.5,0.0
1,68600,CHOCOLATE,7997,57,7996.0,83.0,,,7998,57,7999.0,83.0,,,7997.5,0.0
1,68700,CHOCOLATE,7997,113,,,,,7998,41,7999.0,72.0,,,7997.5,0.0
1,68800,CHOCOLATE,7996,100,,,,,7997,44,7998.0,56.0,,,7996.5,0.0
1,68900,CHOCOLATE,7997,114,,,,,7999,114,,,,,7998.0,0.0
1,69000,CHOCOLATE,7999,133,,,,,8001,133,,,,,8000.0,0.0
1,69100,CHOCOLATE,7998,137,,,,,8000,137,,,,,7999.0,0.0
1,69200,CHOCOLATE,7999,142,,,,,8001,142,,,,,8000.0,0.0
1,69300,CHOCOLATE,7999,37,7998.0,88.0,,,8000,125,,,,,7999.5,0.0
1,69400,CHOCOLATE,7998,99,,,,,7999,45,8000.0,54.0,,,7998.5,0.0
1,69500,CHOCOLATE,7998,144,,,,,7999,53,8000.0,91.0,,,7998.5,0.0
1,69600,CHOCOLATE,7996,151,,,,,7997,62,7998.0,89.0,,,7996.5,0.0
1,69700,CHOCOLATE,7996,89,,,,,7997,36,7998.0,53.0,,,7996.5,0.0
1,69800,CHOCOLATE,7996,40,7995.0,91.0,,,7997,40,7998.0,91.0,,,7996.5,0.0
1,69900,CHOCOLATE,7996,150,,,,,7997,48,7998.0,98.0,,,7996.5,0.0
1,70000,CHOCOLATE,7995,117,,,,,7996,59,7997.0,58.0,,,7995.5,0.0
1,70100,CHOCOLATE,7996,137,,,,,7998,137,,,,,7997.0,0.0
1,70200,CHOCOLATE,7996,35,7995.0,62.0,,,7997,97,,,,,7996.5,0.0
1,70300,CHOCOLATE,7997,104,,,,,7999,104,,,,,7998.0,0.0
1,70400,CHOCOLATE,7996,122,,,,,7997,44,7998.0,78.0,,,7996.5,0.0
1,70500,CHOCOLATE,7995,122,,,,,7997,122,,,,,7996.0,0.0
1,70600,CHOCOLATE,7995,129,,,,,7997,129,,,,,7996.0,0.0
1,70700,CHOCOLATE,7996,53,7995.0,65.0,,,7997,118,,,,,7996.5,0.0
1,70800,CHOCOLATE,7998,130,,,,,7999,61,8000.0,69.0,,,7998.5,0.0
1,70900,CHOCOLATE,7999,44,7998.0,68.0,,,8000,44,8001.0,68.0,,,7999.5,0.0
1,71000,CHOCOLATE,8000,133,,,,,8001,8,8002.0,133.0,,,8000.5,0.0
1,71100,CHOCOLATE,8001,44,8000.0,53.0,,,8002,97,,,,,8001.5,0.0
1,71200,CHOCOLATE,8000,40,7999.0,75.0,,,8001,115,,,,,8000.5,0.0
1,71300,CHOCOLATE,7998,106,,,,,8000,106,,,,,7999.0,0.0
1,71400,CHOCOLATE,7997,139,,,,,7998,64,7999.0,75.0,,,7997.5,0.0
1,71500,CHOCOLATE,7997,46,7996.0,74.0,,,7998,120,,,,,7997.5,0.0
1,71600,CHOCOLATE,7996,36,7995.0,86.0,,,7997,36,7998.0,86.0,,,7996.5,0.0
1,71700,CHOCOLATE,7997,37,7996.0,94.0,,,7998,131,,,,,7997.5,0.0
1,71800,CHOCOLATE,7997,53,7996.0,57.0,,,7998,53,7999.0,57.0,,,7997.5,0.0
1,71900,CHOCOLATE,7998,90,,,,,8000,90,,,,,7999.0,0.0
1,72000,CHOCOLATE,7998,149,,,,,8000,149,,,,,7999.0,0.0
1,72100,CHOCOLATE,7998,46,7997.0,97.0,,,7999,46,8000.0,97.0,,,7998.5,0.0
1,72200,CHOCOLATE,7997,147,,,,,7999,147,,,,,7998.0,0.0
1,72300,CHOCOLATE,7998,130,,,,,8000,130,,,,,7999.0,0.0
1,72400,CHOCOLATE,7999,57,7998.0,62.0,,,8000,119,,,,,7999.5,0.0
1,72500,CHOCOLATE,8000,158,,,,,8001,65,8002.0,93.0,,,8000.5,0.0
1,72600,CHOCOLATE,8000,56,7999.0,98.0,,,8001,56,8002.0,98.0,,,8000.5,0.0
1,72700,CHOCOLATE,7998,135,,,,,7999,65,8000.0,70.0,,,7998.5,0.0
1,72800,CHOCOLATE,7997,93,,,,,7998,37,7999.0,56.0,,,7997.5,0.0
1,72900,CHOCOLATE,7996,151,,,,,7997,64,7998.0,87.0,,,7996.5,0.0
1,73000,CHOCOLATE,7996,62,7995.0,63.0,,,7997,62,7998.0,63.0,,,7996.5,0.0
1,73100,CHOCOLATE,7995,97,,,,,7996,39,7997.0,58.0,,,7995.5,0.0
1,73200,CHOCOLATE,7996,68,7995.0,89.0,,,7997,60,7998.0,89.0,,,7996.5,0.0
1,73300,CHOCOLATE,7995,124,,,,,7997,124,,,,,7996.0,0.0
1,73400,CHOCOLATE,7996,49,7995.0,84.0,,,7997,49,7998.0,84.0,,,7996.5,0.0
1,73500,CHOCOLATE,7995,51,7994.0,72.0,,,7996,51,7997.0,72.0,,,7995.5,0.0
1,73600,CHOCOLATE,7995,112,,,,,7996,48,7997.0,64.0,,,7995.5,0.0
1,73700,CHOCOLATE,7996,61,7995.0,83.0,,,7997,61,7998.0,83.0,,,7996.5,0.0
1,73800,CHOCOLATE,7996,130,,,,,7998,130,,,,,7997.0,0.0
1,73900,CHOCOLATE,7996,143,,,,,7998,143,,,,,7997.0,0.0
1,74000,CHOCOLATE,7996,145,,,,,7998,145,,,,,7997.0,0.0
1,74100,CHOCOLATE,7997,107,,,,,7998,51,7999.0,56.0,,,7997.5,0.0
1,74200,CHOCOLATE,7996,65,7995.0,78.0,,,7997,143,,,,,7996.5,0.0
1,74300,CHOCOLATE,7997,4,7996.0,125.0,,,7998,125,,,,,7997.5,0.0
1,74400,CHOCOLATE,7997,42,7996.0,50.0,,,7998,42,7999.0,50.0,,,7997.5,0.0
1,74500,CHOCOLATE,7995,112,,,,,7997,112,,,,,7996.0,0.0
1,74600,CHOCOLATE,7994,97,,,,,7996,97,,,,,7995.0,0.0
1,74700,CHOCOLATE,7995,42,7994.0,85.0,,,7996,42,7997.0,85.0,,,7995.5,0.0
1,74800,CHOCOLATE,7994,40,7993.0,60.0,,,7995,100,,,,,7994.5,0.0
1,74900,CHOCOLATE,7994,55,7993.0,52.0,,,7995,55,7996.0,52.0,,,7994.5,0.0
1,75000,CHOCOLATE,7995,130,,,,,7996,41,7997.0,89.0,,,7995.5,0.0
1,75100,CHOCOLATE,7996,64,7995.0,95.0,,,7997,159,,,,,7996.5,0.0
1,75200,CHOCOLATE,7994,34,7993.0,61.0,,,7995,101,,,,,7994.5,0.0
1,75300,CHOCOLATE,7993,120,,,,,7995,111,,,,,7994.0,0.0
1,75400,CHOCOLATE,7993,44,7992.0,86.0,,,7994,35,7995.0,86.0,,,7993.5,0.0
1,75500,CHOCOLATE,7994,47,7993.0,55.0,,,7995,47,7996.0,55.0,,,7994.5,0.0
1,75600,CHOCOLATE,7994,124,,,,,7996,124,,,,,7995.0,0.0
1,75700,CHOCOLATE,7994,105,,,,,7995,49,7996.0,56.0,,,7994.5,0.0
1,75800,CHOCOLATE,7994,38,7993.0,92.0,,,7995,130,,,,,7994.5,0.0
1,75900,CHOCOLATE,7994,58,7993.0,74.0,,,7995,132,,,,,7994.5,0.0
1,76000,CHOCOLATE,7992,44,7991.0,99.0,,,7993,44,7994.0,99.0,,,7992.5,0.0
1,76100,CHOCOLATE,7992,99,,,,,7993,49,7994.0,50.0,,,7992.5,0.0
1,76200,CHOCOLATE,7994,45,7993.0,91.0,,,7995,136,,,,,7994.5,0.0
1,76300,CHOCOLATE,7994,50,7993.0,63.0,,,7995,50,7996.0,63.0,,,7994.5,0.0
1,76400,CHOCOLATE,7993,125,,,,,7995,125,,,,,7994.0,0.0
1,76500,CHOCOLATE,7993,161,,,,,7995,161,,,,,7994.0,0.0
1,76600,CHOCOLATE,7994,59,7993.0,51.0,,,7995,59,7996.0,51.0,,,7994.5,0.0
1,76700,CHOCOLATE,7993,121,,,,,7994,59,7995.0,62.0,,,7993.5,0.0
1,76800,CHOCOLATE,7993,125,,,,,7995,125,,,,,7994.0,0.0
1,76900,CHOCOLATE,7993,57,7992.0,67.0,,,7994,57,7995.0,67.0,,,7993.5,0.0
1,77000,CHOCOLATE,7992,143,,,,,7994,143,,,,,7993.0,0.0
1,77100,CHOCOLATE,7992,63,7991.0,93.0,,,7993,156,,,,,7992.5,0.0
1,77200,CHOCOLATE,7992,135,,,,,7994,135,,,,,7993.0,0.0
1,77300,CHOCOLATE,7993,146,,,,,7994,63,7995.0,76.0,,,7993.5,0.0
1,77400,CHOCOLATE,7995,36,7994.0,54.0,,,7996,90,,,,,7995.5,0.0
1,77500,CHOCOLATE,7995,47,7994.0,91.0,,,7996,138,,,,,7995.5,0.0
1,77600,CHOCOLATE,7995,57,7994.0,52.0,,,7996,57,7997.0,52.0,,,7995.5,0.0
1,77700,CHOCOLATE,7995,56,7994.0,69.0,,,7996,125,,,,,7995.5,0.0
1,77800,CHOCOLATE,7994,55,7993.0,70.0,,,7995,55,7996.0,70.0,,,7994.5,0.0
1,77900,CHOCOLATE,7993,106,,,,,7995,106,,,,,7994.0,0.0
1,78000,CHOCOLATE,7993,104,,,,,7994,50,7995.0,54.0,,,7993.5,0.0
1,78100,CHOCOLATE,7991,124,,,,,7993,124,,,,,7992.0,0.0
1,78200,CHOCOLATE,7992,51,7991.0,58.0,,,7993,109,,,,,7992.5,0.0
1,78300,CHOCOLATE,7991,142,,,,,7993,142,,,,,7992.0,0.0
1,78400,CHOCOLATE,7993,43,7992.0,74.0,,,7994,43,7995.0,74.0,,,7993.5,0.0
1,78500,CHOCOLATE,7994,58,7993.0,88.0,,,7995,58,7996.0,88.0,,,7994.5,0.0
1,78600,CHOCOLATE,7995,150,,,,,7997,150,,,,,7996.0,0.0
1,78700,CHOCOLATE,7995,118,,,,,7997,118,,,,,7996.0,0.0
1,78800,CHOCOLATE,7996,132,,,,,7997,44,7998.0,88.0,,,7996.5,0.0
1,78900,CHOCOLATE,7996,121,,,,,7997,36,7998.0,89.0,,,7996.5,0.0
1,79000,CHOCOLATE,7996,51,7995.0,75.0,,,7997,46,7998.0,75.0,,,7996.5,0.0
1,79100,CHOCOLATE,7998,117,,,,,8000,117,,,,,7999.0,0.0
1,79200,CHOCOLATE,7999,55,7998.0,97.0,,,8000,152,,,,,7999.5,0.0
1,79300,CHOCOLATE,7998,139,,,,,8000,139,,,,,7999.0,0.0
1,79400,CHOCOLATE,7998,139,,,,,8000,139,,,,,7999.0,0.0
1,79500,CHOCOLATE,7997,49,7996.0,97.0,,,7998,146,,,,,7997.5,0.0
1,79600,CHOCOLATE,7997,132,,,,,7999,132,,,,,7998.0,0.0
1,79700,CHOCOLATE,7997,123,,,,,7999,123,,,,,7998.0,0.0
1,79800,CHOCOLATE,7999,38,7998.0,96.0,,,8000,134,,,,,7999.5,0.0
1,79900,CHOCOLATE,7997,55,7996.0,90.0,,,7998,55,7999.0,90.0,,,7997.5,0.0
1,80000,CHOCOLATE,7996,129,,,,,7997,60,7998.0,65.0,,,7996.5,0.0
1,80100,CHOCOLATE,7998,53,7997.0,99.0,,,7999,53,8000.0,99.0,,,7998.5,0.0
1,80200,CHOCOLATE,7997,40,7996.0,67.0,,,7998,107,,,,,7997.5,0.0
1,80300,CHOCOLATE,7997,105,,,,,7999,105,,,,,7998.0,0.0
1,80400,CHOCOLATE,7997,162,,,,,7999,162,,,,,7998.0,0.0
1,80500,CHOCOLATE,7997,55,7996.0,68.0,,,7998,123,,,,,7997.5,0.0
1,80600,CHOCOLATE,7996,112,,,,,7998,112,,,,,7997.0,0.0
1,80700,CHOCOLATE,7997,51,7996.0,62.0,,,7998,51,7999.0,62.0,,,7997.5,0.0
1,80800,CHOCOLATE,7997,40,7996.0,94.0,,,7998,40,7999.0,94.0,,,7997.5,0.0
1,80900,CHOCOLATE,7995,135,,,,,7996,60,7997.0,75.0,,,7995.5,0.0
1,81000,CHOCOLATE,7995,38,7994.0,51.0,,,7996,89,,,,,7995.5,0.0
1,81100,CHOCOLATE,7993,141,,,,,7994,42,7995.0,99.0,,,7993.5,0.0
1,81200,CHOCOLATE,7993,135,,,,,7994,65,7995.0,70.0,,,7993.5,0.0
1,81300,CHOCOLATE,7994,150,,,,,7995,54,7996.0,96.0,,,7994.5,0.0
1,81400,CHOCOLATE,7995,42,7994.0,63.0,,,7996,105,,,,,7995.5,0.0
1,81500,CHOCOLATE,7995,48,7994.0,70.0,,,7996,48,7997.0,70.0,,,7995.5,0.0
1,81600,CHOCOLATE,7994,40,7993.0,96.0,,,7995,40,7996.0,96.0,,,7994.5,0.0
1,81700,CHOCOLATE,7994,4,7993.0,134.0,,,7995,134,,,,,7994.5,0.0
1,81800,CHOCOLATE,7994,105,,,,,7996,105,,,,,7995.0,0.0
1,81900,CHOCOLATE,7995,54,7994.0,89.0,,,7996,143,,,,,7995.5,0.0
1,82000,CHOCOLATE,7995,106,,,,,7997,106,,,,,7996.0,0.0
1,82100,CHOCOLATE,7995,41,7994.0,67.0,,,7996,41,7997.0,67.0,,,7995.5,0.0
1,82200,CHOCOLATE,7993,130,,,,,7995,130,,,,,7994.0,0.0
1,82300,CHOCOLATE,7993,48,7992.0,68.0,,,7994,116,,,,,7993.5,0.0
1,82400,CHOCOLATE,7992,142,,,,,7994,142,,,,,7993.0,0.0
1,82500,CHOCOLATE,7991,116,,,,,7993,106,,,,,7992.0,0.0
1,82600,CHOCOLATE,7993,130,,,,,7994,47,7995.0,83.0,,,7993.5,0.0
1,82700,CHOCOLATE,7991,126,,,,,7992,46,7993.0,80.0,,,7991.5,0.0
1,82800,CHOCOLATE,7992,91,,,,,7994,91,,,,,7993.0,0.0
1,82900,CHOCOLATE,7992,137,,,,,7994,137,,,,,7993.0,0.0
1,83000,CHOCOLATE,7993,133,,,,,7995,133,,,,,7994.0,0.0
1,83100,CHOCOLATE,7994,60,7993.0,63.0,,,7995,60,7996.0,63.0,,,7994.5,0.0
1,83200,CHOCOLATE,7992,50,7991.0,96.0,,,7993,146,,,,,7992.5,0.0
1,83300,CHOCOLATE,7990,120,,,,,7991,49,7992.0,71.0,,,7990.5,0.0
1,83400,CHOCOLATE,7989,117,,,,,7991,117,,,,,7990.0,0.0
1,83500,CHOCOLATE,7990,40,7989.0,83.0,,,7991,131,,,,,7990.5,0.0
1,83600,CHOCOLATE,7990,130,,,,,7992,130,,,,,7991.0,0.0
1,83700,CHOCOLATE,7990,137,,,,,7992,137,,,,,7991.0,0.0
1,83800,CHOCOLATE,7989,143,,,,,7990,59,7991.0,84.0,,,7989.5,0.0
1,83900,CHOCOLATE,7988,123,,,,,7989,38,7990.0,85.0,,,7988.5,0.0
1,84000,CHOCOLATE,7987,48,7986.0,50.0,,,7988,55,7989.0,50.0,,,7987.5,0.0
1,84100,CHOCOLATE,7988,108,,,,,7990,108,,,,,7989.0,0.0
1,84200,CHOCOLATE,7991,60,7990.0,70.0,,,7992,60,7993.0,70.0,,,7991.5,0.0
1,84300,CHOCOLATE,7991,55,7990.0,97.0,,,7992,152,,,,,7991.5,0.0
1,84400,CHOCOLATE,7991,101,,,,,7992,46,7993.0,55.0,,,7991.5,0.0
1,84500,CHOCOLATE,7992,35,7991.0,88.0,,,7993,123,,,,,7992.5,0.0
1,84600,CHOCOLATE,7993,111,,,,,7995,111,,,,,7994.0,0.0
1,84700,CHOCOLATE,7993,115,,,,,7994,50,7995.0,65.0,,,7993.5,0.0
1,84800,CHOCOLATE,7994,102,,,,,7995,45,7996.0,57.0,,,7994.5,0.0
1,84900,CHOCOLATE,7993,65,7992.0,62.0,,,7994,65,7995.0,62.0,,,7993.5,0.0
1,85000,CHOCOLATE,7993,51,7992.0,77.0,,,7994,51,7995.0,77.0,,,7993.5,0.0
1,85100,CHOCOLATE,7994,114,,,,,7996,114,,,,,7995.0,0.0
1,85200,CHOCOLATE,7996,101,,,,,7997,44,7998.0,57.0,,,7996.5,0.0
1,85300,CHOCOLATE,7994,139,,,,,7996,139,,,,,7995.0,0.0
1,85400,CHOCOLATE,7994,61,7993.0,73.0,,,7995,134,,,,,7994.5,0.0
1,85500,CHOCOLATE,7993,51,7992.0,51.0,,,7994,102,,,,,7993.5,0.0
1,85600,CHOCOLATE,7991,59,7990.0,69.0,,,7992,59,7993.0,69.0,,,7991.5,0.0
1,85700,CHOCOLATE,7989,117,,,,,7991,117,,,,,7990.0,0.0
1,85800,CHOCOLATE,7988,136,,,,,7989,36,7990.0,100.0,,,7988.5,0.0
1,85900,CHOCOLATE,7988,96,,,,,7990,96,,,,,7989.0,0.0
1,86000,CHOCOLATE,7990,104,,,,,7991,53,7992.0,51.0,,,7990.5,0.0
1,86100,CHOCOLATE,7991,50,7990.0,53.0,,,7992,50,7993.0,53.0,,,7991.5,0.0
1,86200,CHOCOLATE,7992,113,,,,,7993,59,7994.0,54.0,,,7992.5,0.0
1,86300,CHOCOLATE,7992,135,,,,,7993,51,7994.0,84.0,,,7992.5,0.0
1,86400,CHOCOLATE,7993,56,7992.0,89.0,,,7994,145,,,,,7993.5,0.0
1,86500,CHOCOLATE,7991,111,,,,,7993,111,,,,,7992.0,0.0
1,86600,CHOCOLATE,7992,45,7991.0,63.0,,,7993,45,7994.0,63.0,,,7992.5,0.0
1,86700,CHOCOLATE,7992,105,,,,,7994,105,,,,,7993.0,0.0
1,86800,CHOCOLATE,7992,109,,,,,7994,109,,,,,7993.0,0.0
1,86900,CHOCOLATE,7991,65,7990.0,56.0,,,7992,121,,,,,7991.5,0.0
1,87000,CHOCOLATE,7991,55,7990.0,79.0,,,7992,55,7993.0,79.0,,,7991.5,0.0
1,87100,CHOCOLATE,7991,102,,,,,7993,102,,,,,7992.0,0.0
1,87200,CHOCOLATE,7993,45,7992.0,95.0,,,7994,45,7995.0,95.0,,,7993.5,0.0
1,87300,CHOCOLATE,7993,150,,,,,7994,62,7995.0,88.0,,,7993.5,0.0
1,87400,CHOCOLATE,7992,127,,,,,7994,127,,,,,7993.0,0.0
1,87500,CHOCOLATE,7992,126,,,,,7994,126,,,,,7993.0,0.0
1,87600,CHOCOLATE,7992,132,,,,,7994,132,,,,,7993.0,0.0
1,87700,CHOCOLATE,7993,98,,,,,7995,98,,,,,7994.0,0.0
1,87800,CHOCOLATE,7993,59,7992.0,64.0,,,7994,123,,,,,7993.5,0.0
1,87900,CHOCOLATE,7993,140,,,,,7994,52,7995.0,88.0,,,7993.5,0.0
1,88000,CHOCOLATE,7992,114,,,,,7994,114,,,,,7993.0,0.0
1,88100,CHOCOLATE,7991,112,,,,,7993,112,,,,,7992.0,0.0
1,88200,CHOCOLATE,7990,150,,,,,7991,52,7992.0,98.0,,,7990.5,0.0
1,88300,CHOCOLATE,7991,128,,,,,7993,128,,,,,7992.0,0.0
1,88400,CHOCOLATE,7991,95,,,,,7993,95,,,,,7992.0,0.0
1,88500,CHOCOLATE,7991,120,,,,,7992,49,7993.0,71.0,,,7991.5,0.0
1,88600,CHOCOLATE,7992,145,,,,,7994,145,,,,,7993.0,0.0
1,88700,CHOCOLATE,7993,56,7992.0,61.0,,,7994,117,,,,,7993.5,0.0
1,88800,CHOCOLATE,7991,112,,,,,7992,55,7993.0,57.0,,,7991.5,0.0
1,88900,CHOCOLATE,7992,131,,,,,7994,131,,,,,7993.0,0.0
1,89000,CHOCOLATE,7992,124,,,,,7994,124,,,,,7993.0,0.0
1,89100,CHOCOLATE,7993,155,,,,,7995,155,,,,,7994.0,0.0
1,89200,CHOCOLATE,7992,65,7991.0,58.0,,,7993,65,7994.0,58.0,,,7992.5,0.0
1,89300,CHOCOLATE,7992,116,,,,,7993,62,7994.0,54.0,,,7992.5,0.0
1,89400,CHOCOLATE,7992,117,,,,,7994,117,,,,,7993.0,0.0
1,89500,CHOCOLATE,7992,123,,,,,7994,123,,,,,7993.0,0.0
1,89600,CHOCOLATE,7991,57,7990.0,93.0,,,7992,150,,,,,7991.5,0.0
1,89700,CHOCOLATE,7992,37,7991.0,72.0,,,7993,37,7994.0,72.0,,,7992.5,0.0
1,89800,CHOCOLATE,7992,126,,,,,7993,52,7994.0,74.0,,,7992.5,0.0
1,89900,CHOCOLATE,7991,93,,,,,7993,93,,,,,7992.0,0.0
1,90000,CHOCOLATE,7991,124,,,,,7992,60,7993.0,64.0,,,7991.5,0.0
1,90100,CHOCOLATE,7991,38,7990.0,90.0,,,7992,38,7993.0,90.0,,,7991.5,0.0
1,90200,CHOCOLATE,7990,38,7989.0,67.0,,,7991,105,,,,,7990.5,0.0
1,90300,CHOCOLATE,7989,118,,,,,7990,56,7991.0,62.0,,,7989.5,0.0
1,90400,CHOCOLATE,7990,47,7989.0,76.0,,,7991,47,7992.0,76.0,,,7990.5,0.0
1,90500,CHOCOLATE,7989,107,,,,,7991,107,,,,,7990.0,0.0
1,90600,CHOCOLATE,7990,48,7989.0,73.0,,,7991,48,7992.0,73.0,,,7990.5,0.0
1,90700,CHOCOLATE,7990,40,7989.0,67.0,,,7991,40,7992.0,67.0,,,7990.5,0.0
1,90800,CHOCOLATE,7990,50,7989.0,67.0,,,7991,117,,,,,7990.5,0.0
1,90900,CHOCOLATE,7989,98,,,,,7990,36,7991.0,62.0,,,7989.5,0.0
1,91000,CHOCOLATE,7989,132,,,,,7990,35,7991.0,97.0,,,7989.5,0.0
1,91100,CHOCOLATE,7987,154,,,,,7988,65,7989.0,89.0,,,7987.5,0.0
1,91200,CHOCOLATE,7987,35,7986.0,85.0,,,7988,120,,,,,7987.5,0.0
1,91300,CHOCOLATE,7987,60,7986.0,90.0,,,7988,150,,,,,7987.5,0.0
1,91400,CHOCOLATE,7986,115,,,,,7987,59,7988.0,56.0,,,7986.5,0.0
1,91500,CHOCOLATE,7984,105,,,,,7985,9,7986.0,105.0,,,7984.5,0.0
1,91600,CHOCOLATE,7986,72,7985.0,88.0,,,7987,64,7988.0,88.0,,,7986.5,0.0
1,91700,CHOCOLATE,7988,146,,,,,7989,64,7990.0,82.0,,,7988.5,0.0
1,91800,CHOCOLATE,7988,116,,,,,7990,116,,,,,7989.0,0.0
1,91900,CHOCOLATE,7987,40,7986.0,73.0,,,7988,40,7989.0,73.0,,,7987.5,0.0
1,92000,CHOCOLATE,7986,105,,,,,7988,105,,,,,7987.0,0.0
1,92100,CHOCOLATE,7987,49,7986.0,95.0,,,7988,144,,,,,7987.5,0.0
1,92200,CHOCOLATE,7987,55,7986.0,54.0,,,7988,55,7989.0,54.0,,,7987.5,0.0
1,92300,CHOCOLATE,7987,122,,,,,7989,122,,,,,7988.0,0.0
1,92400,CHOCOLATE,7987,41,7986.0,55.0,,,7988,96,,,,,7987.5,0.0
1,92500,CHOCOLATE,7987,42,7986.0,62.0,,,7988,104,,,,,7987.5,0.0
1,92600,CHOCOLATE,7986,64,7985.0,51.0,,,7987,115,,,,,7986.5,0.0
1,92700,CHOCOLATE,7987,50,7986.0,69.0,,,7988,50,7989.0,69.0,,,7987.5,0.0
1,92800,CHOCOLATE,7987,58,7986.0,76.0,,,7988,134,,,,,7987.5,0.0
1,92900,CHOCOLATE,7986,105,,,,,7987,43,7988.0,62.0,,,7986.5,0.0
1,93000,CHOCOLATE,7987,117,,,,,7989,117,,,,,7988.0,0.0
1,93100,CHOCOLATE,7988,62,7987.0,96.0,,,7989,62,7990.0,96.0,,,7988.5,0.0
1,93200,CHOCOLATE,7989,37,7988.0,80.0,,,7990,117,,,,,7989.5,0.0
1,93300,CHOCOLATE,7989,139,,,,,7991,139,,,,,7990.0,0.0
1,93400,CHOCOLATE,7989,114,,,,,7990,40,7991.0,74.0,,,7989.5,0.0
1,93500,CHOCOLATE,7990,41,7989.0,96.0,,,7991,41,7992.0,96.0,,,7990.5,0.0
1,93600,CHOCOLATE,7989,149,,,,,7991,149,,,,,7990.0,0.0
1,93700,CHOCOLATE,7989,48,7988.0,85.0,,,7990,133,,,,,7989.5,0.0
1,93800,CHOCOLATE,7987,99,,,,,7989,99,,,,,7988.0,0.0
1,93900,CHOCOLATE,7987,47,7986.0,97.0,,,7988,144,,,,,7987.5,0.0
1,94000,CHOCOLATE,7986,43,7985.0,65.0,,,7987,43,7988.0,65.0,,,7986.5,0.0
1,94100,CHOCOLATE,7987,102,,,,,7989,102,,,,,7988.0,0.0
1,94200,CHOCOLATE,7986,64,7985.0,83.0,,,7987,147,,,,,7986.5,0.0
1,94300,CHOCOLATE,7985,59,7984.0,70.0,,,7986,129,,,,,7985.5,0.0
1,94400,CHOCOLATE,7987,69,7986.0,54.0,,,7988,113,,,,,7987.5,0.0
1,94500,CHOCOLATE,7985,132,,,,,7986,41,7987.0,91.0,,,7985.5,0.0
1,94600,CHOCOLATE,7984,120,,,,,7986,120,,,,,7985.0,0.0
1,94700,CHOCOLATE,7983,137,,,,,7985,137,,,,,7984.0,0.0
1,94800,CHOCOLATE,7986,7,7985.0,120.0,,,7987,120,,,,,7986.5,0.0
1,94900,CHOCOLATE,7986,53,7985.0,72.0,,,7987,125,,,,,7986.5,0.0
1,95000,CHOCOLATE,7984,54,7983.0,98.0,,,7985,152,,,,,7984.5,0.0
1,95100,CHOCOLATE,7983,47,7982.0,91.0,,,7984,47,7985.0,91.0,,,7983.5,0.0
1,95200,CHOCOLATE,7983,106,,,,,7985,106,,,,,7984.0,0.0
1,95300,CHOCOLATE,7982,48,7981.0,71.0,,,7983,119,,,,,7982.5,0.0
1,95400,CHOCOLATE,7981,43,7980.0,94.0,,,7982,43,7983.0,94.0,,,7981.5,0.0
1,95500,CHOCOLATE,7983,50,7982.0,75.0,,,7984,125,,,,,7983.5,0.0
1,95600,CHOCOLATE,7983,139,,,,,7985,139,,,,,7984.0,0.0
1,95700,CHOCOLATE,7982,101,,,,,7983,50,7984.0,51.0,,,7982.5,0.0
1,95800,CHOCOLATE,7981,147,,,,,7983,147,,,,,7982.0,0.0
1,95900,CHOCOLATE,7981,119,,,,,7982,47,7983.0,72.0,,,7981.5,0.0
1,96000,CHOCOLATE,7982,111,,,,,7983,44,7984.0,67.0,,,7982.5,0.0
1,96100,CHOCOLATE,7982,124,,,,,7984,124,,,,,7983.0,0.0
1,96200,CHOCOLATE,7981,127,,,,,7983,127,,,,,7982.0,0.0
1,96300,CHOCOLATE,7980,127,,,,,7982,127,,,,,7981.0,0.0
1,96400,CHOCOLATE,7981,123,,,,,7983,123,,,,,7982.0,0.0
1,96500,CHOCOLATE,7981,59,7980.0,100.0,,,7982,59,7983.0,100.0,,,7981.5,0.0
1,96600,CHOCOLATE,7979,136,,,,,7980,37,7981.0,99.0,,,7979.5,0.0
1,96700,CHOCOLATE,7979,118,,,,,7980,46,7981.0,72.0,,,7979.5,0.0
1,96800,CHOCOLATE,7979,55,7978.0,55.0,,,7980,110,,,,,7979.5,0.0
1,96900,CHOCOLATE,7980,142,,,,,7982,142,,,,,7981.0,0.0
1,97000,CHOCOLATE,7979,52,7978.0,54.0,,,7980,52,7981.0,54.0,,,7979.5,0.0
1,97100,CHOCOLATE,7979,113,,,,,7981,113,,,,,7980.0,0.0
1,97200,CHOCOLATE,7979,56,7978.0,99.0,,,7980,56,7981.0,99.0,,,7979.5,0.0
1,97300,CHOCOLATE,7979,39,7978.0,72.0,,,7980,39,7981.0,72.0,,,7979.5,0.0
1,97400,CHOCOLATE,7979,54,7978.0,96.0,,,7980,150,,,,,7979.5,0.0
1,97500,CHOCOLATE,7977,109,,,,,7979,109,,,,,7978.0,0.0
1,97600,CHOCOLATE,7977,145,,,,,7979,145,,,,,7978.0,0.0
1,97700,CHOCOLATE,7978,48,7977.0,65.0,,,7979,42,7980.0,65.0,,,7978.5,0.0
1,97800,CHOCOLATE,7977,130,,,,,7979,130,,,,,7978.0,0.0
1,97900,CHOCOLATE,7977,141,,,,,7979,141,,,,,7978.0,0.0
1,98000,CHOCOLATE,7977,49,7976.0,51.0,,,7978,100,,,,,7977.5,0.0
1,98100,CHOCOLATE,7977,106,,,,,7978,50,7979.0,56.0,,,7977.5,0.0
1,98200,CHOCOLATE,7976,105,,,,,7978,105,,,,,7977.0,0.0
1,98300,CHOCOLATE,7977,53,7976.0,72.0,,,7978,125,,,,,7977.5,0.0
1,98400,CHOCOLATE,7976,46,7975.0,52.0,,,7977,98,,,,,7976.5,0.0
1,98500,CHOCOLATE,7976,127,,,,,7978,136,,,,,7977.0,0.0
1,98600,CHOCOLATE,7976,139,,,,,7978,131,,,,,7977.0,0.0
1,98700,CHOCOLATE,7977,51,7976.0,78.0,,,7978,51,7979.0,78.0,,,7977.5,0.0
1,98800,CHOCOLATE,7976,145,,,,,7978,145,,,,,7977.0,0.0
1,98900,CHOCOLATE,7976,119,,,,,7978,119,,,,,7977.0,0.0
1,99000,CHOCOLATE,7976,117,,,,,7978,117,,,,,7977.0,0.0
1,99100,CHOCOLATE,7975,106,,,,,7977,106,,,,,7976.0,0.0
1,99200,CHOCOLATE,7974,63,7973.0,65.0,,,7975,63,7976.0,65.0,,,7974.5,0.0
1,99300,CHOCOLATE,7975,115,,,,,7977,115,,,,,7976.0,0.0
1,99400,CHOCOLATE,7974,110,,,,,7976,110,,,,,7975.0,0.0
1,99500,CHOCOLATE,7973,113,,,,,7975,113,,,,,7974.0,0.0
1,99600,CHOCOLATE,7973,45,7972.0,80.0,,,7974,45,7975.0,80.0,,,7973.5,0.0
1,99700,CHOCOLATE,7972,107,,,,,7974,107,,,,,7973.0,0.0
1,99800,CHOCOLATE,7973,40,7972.0,69.0,,,7974,109,,,,,7973.5,0.0
1,99900,CHOCOLATE,7972,123,,,,,7973,57,7974.0,66.0,,,7972.5,0.0
1,100000,CHOCOLATE,7973,4,7972.0,148.0,,,7974,148,,,,,7973.5,0.0
1,100100,CHOCOLATE,7972,131,,,,,7974,131,,,,,7973.0,0.0
1,100200,CHOCOLATE,7973,156,,,,,7975,149,,,,,7974.0,0.0
1,100300,CHOCOLATE,7974,136,,,,,7975,63,7976.0,73.0,,,7974.5,0.0
1,100400,CHOCOLATE,7973,92,,,,,7974,41,7975.0,51.0,,,7973.5,0.0
1,100500,CHOCOLATE,7973,50,7972.0,75.0,,,7974,50,7975.0,75.0,,,7973.5,0.0
1,100600,CHOCOLATE,7973,5,7972.0,116.0,,,7974,116,,,,,7973.5,0.0
1,100700,CHOCOLATE,7971,43,7970.0,66.0,,,7972,43,7973.0,66.0,,,7971.5,0.0
1,100800,CHOCOLATE,7970,140,,,,,7971,49,7972.0,91.0,,,7970.5,0.0
1,100900,CHOCOLATE,7971,54,7970.0,53.0,,,7972,54,7973.0,53.0,,,7971.5,0.0
1,101000,CHOCOLATE,7973,61,7972.0,63.0,,,7974,61,7975.0,63.0,,,7973.5,0.0
1,101100,CHOCOLATE,7969,114,,,,,7971,114,,,,,7970.0,0.0
1,101200,CHOCOLATE,7970,100,,,,,7972,100,,,,,7971.0,0.0
1,101300,CHOCOLATE,7970,61,7969.0,94.0,,,7971,61,7972.0,94.0,,,7970.5,0.0
1,101400,CHOCOLATE,7969,39,7968.0,84.0,,,7970,123,,,,,7969.5,0.0
1,101500,CHOCOLATE,7968,121,,,,,7969,57,7970.0,64.0,,,7968.5,0.0
1,101600,CHOCOLATE,7968,121,,,,,7969,57,7970.0,64.0,,,7968.5,0.0
1,101700,CHOCOLATE,7967,151,,,,,7969,151,,,,,7968.0,0.0
1,101800,CHOCOLATE,7968,130,,,,,7970,130,,,,,7969.0,0.0
1,101900,CHOCOLATE,7970,47,7969.0,58.0,,,7971,47,7972.0,58.0,,,7970.5,0.0
1,102000,CHOCOLATE,7971,35,7970.0,76.0,,,7972,35,7973.0,76.0,,,7971.5,0.0
1,102100,CHOCOLATE,7970,48,7969.0,82.0,,,7971,130,,,,,7970.5,0.0
1,102200,CHOCOLATE,7970,123,,,,,7972,123,,,,,7971.0,0.0
1,102300,CHOCOLATE,7970,143,,,,,7972,143,,,,,7971.0,0.0
1,102400,CHOCOLATE,7971,62,7970.0,80.0,,,7972,62,7973.0,80.0,,,7971.5,0.0
1,102500,CHOCOLATE,7970,127,,,,,7972,127,,,,,7971.0,0.0
1,102600,CHOCOLATE,7970,41,7969.0,53.0,,,7971,94,,,,,7970.5,0.0
1,102700,CHOCOLATE,7969,123,,,,,7971,123,,,,,7970.0,0.0
1,102800,CHOCOLATE,7968,117,,,,,7970,117,,,,,7969.0,0.0
1,102900,CHOCOLATE,7968,54,7967.0,92.0,,,7969,54,7970.0,92.0,,,7968.5,0.0
1,103000,CHOCOLATE,7969,38,7968.0,62.0,,,7970,100,,,,,7969.5,0.0
1,103100,CHOCOLATE,7968,125,,,,,7970,125,,,,,7969.0,0.0
1,103200,CHOCOLATE,7967,58,7966.0,85.0,,,7968,58,7969.0,85.0,,,7967.5,0.0
1,103300,CHOCOLATE,7968,126,,,,,7970,126,,,,,7969.0,0.0
1,103400,CHOCOLATE,7968,144,,,,,7970,144,,,,,7969.0,0.0
1,103500,CHOCOLATE,7969,100,,,,,7971,100,,,,,7970.0,0.0
1,103600,CHOCOLATE,7969,131,,,,,7971,131,,,,,7970.0,0.0
1,103700,CHOCOLATE,7969,134,,,,,7970,53,7971.0,81.0,,,7969.5,0.0
1,103800,CHOCOLATE,7967,146,,,,,7969,146,,,,,7968.0,0.0
1,103900,CHOCOLATE,7967,145,,,,,7968,63,7969.0,82.0,,,7967.5,0.0
1,104000,CHOCOLATE,7969,108,,,,,7971,108,,,,,7970.0,0.0
1,104100,CHOCOLATE,7969,47,7968.0,57.0,,,7970,104,,,,,7969.5,0.0
1,104200,CHOCOLATE,7967,157,,,,,7969,157,,,,,7968.0,0.0
1,104300,CHOCOLATE,7966,131,,,,,7967,51,7968.0,71.0,,,7966.5,0.0
1,104400,CHOCOLATE,7968,41,7967.0,78.0,,,7969,41,7970.0,78.0,,,7968.5,0.0
1,104500,CHOCOLATE,7969,99,,,,,7971,99,,,,,7970.0,0.0
1,104600,CHOCOLATE,7969,47,7968.0,50.0,,,7970,47,7971.0,50.0,,,7969.5,0.0
1,104700,CHOCOLATE,7970,51,7969.0,67.0,,,7971,51,7972.0,67.0,,,7970.5,0.0
1,104800,CHOCOLATE,7970,129,,,,,7972,129,,,,,7971.0,0.0
1,104900,CHOCOLATE,7972,155,,,,,7974,155,,,,,7973.0,0.0
1,105000,CHOCOLATE,7974,47,7973.0,86.0,,,7975,47,7976.0,86.0,,,7974.5,0.0
1,105100,CHOCOLATE,7973,94,,,,,7975,94,,,,,7974.0,0.0
1,105200,CHOCOLATE,7975,50,7974.0,54.0,,,7976,104,,,,,7975.5,0.0
1,105300,CHOCOLATE,7976,126,,,,,7977,56,7978.0,70.0,,,7976.5,0.0
1,105400,CHOCOLATE,7976,145,,,,,7978,145,,,,,7977.0,0.0
1,105500,CHOCOLATE,7977,108,,,,,7978,44,7979.0,64.0,,,7977.5,0.0
1,105600,CHOCOLATE,7977,50,7976.0,92.0,,,7978,142,,,,,7977.5,0.0
1,105700,CHOCOLATE,7975,45,7974.0,59.0,,,7976,45,7977.0,59.0,,,7975.5,0.0
1,105800,CHOCOLATE,7973,136,,,,,7975,136,,,,,7974.0,0.0
1,105900,CHOCOLATE,7972,128,,,,,7974,128,,,,,7973.0,0.0
1,106000,CHOCOLATE,7972,111,,,,,7973,42,7974.0,69.0,,,7972.5,0.0
1,106100,CHOCOLATE,7971,118,,,,,7973,118,,,,,7972.0,0.0
1,106200,CHOCOLATE,7972,156,,,,,7973,56,7974.0,100.0,,,7972.5,0.0
1,106300,CHOCOLATE,7973,120,,,,,7974,62,7975.0,58.0,,,7973.5,0.0
1,106400,CHOCOLATE,7973,47,7972.0,84.0,,,7974,131,,,,,7973.5,0.0
1,106500,CHOCOLATE,7973,132,,,,,7975,132,,,,,7974.0,0.0
1,106600,CHOCOLATE,7974,142,,,,,7976,142,,,,,7975.0,0.0
1,106700,CHOCOLATE,7975,138,,,,,7976,55,7977.0,83.0,,,7975.5,0.0
1,106800,CHOCOLATE,7975,49,7974.0,52.0,,,7976,49,7977.0,52.0,,,7975.5,0.0
1,106900,CHOCOLATE,7975,102,,,,,7977,102,,,,,7976.0,0.0
1,107000,CHOCOLATE,7976,63,7975.0,54.0,,,7977,63,7978.0,54.0,,,7976.5,0.0
1,107100,CHOCOLATE,7975,49,7974.0,83.0,,,7976,49,7977.0,83.0,,,7975.5,0.0
1,107200,CHOCOLATE,7975,108,,,,,7977,117,,,,,7976.0,0.0
1,107300,CHOCOLATE,7975,113,,,,,7977,113,,,,,7976.0,0.0
1,107400,CHOCOLATE,7974,97,,,,,7976,97,,,,,7975.0,0.0
1,107500,CHOCOLATE,7975,113,,,,,7977,113,,,,,7976.0,0.0
1,107600,CHOCOLATE,7975,123,,,,,7977,123,,,,,7976.0,0.0
1,107700,CHOCOLATE,7975,128,,,,,7977,128,,,,,7976.0,0.0
1,107800,CHOCOLATE,7975,38,7974.0,97.0,,,7976,135,,,,,7975.5,0.0
1,107900,CHOCOLATE,7976,50,7975.0,100.0,,,7977,150,,,,,7976.5,0.0
1,108000,CHOCOLATE,7975,122,,,,,7976,61,7977.0,61.0,,,7975.5,0.0
1,108100,CHOCOLATE,7977,48,7976.0,71.0,,,7978,48,7979.0,71.0,,,7977.5,0.0
1,108200,CHOCOLATE,7978,123,,,,,7979,58,7980.0,60.0,,,7978.5,0.0
1,108300,CHOCOLATE,7978,144,,,,,7979,51,7980.0,93.0,,,7978.5,0.0
1,108400,CHOCOLATE,7979,53,7978.0,76.0,,,7980,53,7981.0,76.0,,,7979.5,0.0
1,108500,CHOCOLATE,7977,144,,,,,7979,144,,,,,7978.0,0.0
1,108600,CHOCOLATE,7977,38,7976.0,95.0,,,7978,133,,,,,7977.5,0.0
1,108700,CHOCOLATE,7976,103,,,,,7978,103,,,,,7977.0,0.0
1,108800,CHOCOLATE,7978,44,7977.0,54.0,,,7979,98,,,,,7978.5,0.0
1,108900,CHOCOLATE,7978,127,,,,,7980,127,,,,,7979.0,0.0
1,109000,CHOCOLATE,7977,143,,,,,7979,143,,,,,7978.0,0.0
1,109100,CHOCOLATE,7978,59,7977.0,53.0,,,7979,112,,,,,7978.5,0.0
1,109200,CHOCOLATE,7977,112,,,,,7978,61,7979.0,51.0,,,7977.5,0.0
1,109300,CHOCOLATE,7977,114,,,,,7979,121,,,,,7978.0,0.0
1,109400,CHOCOLATE,7977,135,,,,,7978,48,7979.0,87.0,,,7977.5,0.0
1,109500,CHOCOLATE,7977,104,,,,,7979,104,,,,,7978.0,0.0
1,109600,CHOCOLATE,7977,56,7976.0,63.0,,,7978,56,7979.0,63.0,,,7977.5,0.0
1,109700,CHOCOLATE,7977,143,,,,,7978,60,7979.0,83.0,,,7977.5,0.0
1,109800,CHOCOLATE,7978,126,,,,,7980,126,,,,,7979.0,0.0
1,109900,CHOCOLATE,7979,55,7978.0,78.0,,,7980,133,,,,,7979.5,0.0
1,110000,CHOCOLATE,7979,54,7978.0,82.0,,,7980,136,,,,,7979.5,0.0
1,110100,CHOCOLATE,7979,139,,,,,7980,44,7981.0,95.0,,,7979.5,0.0
1,110200,CHOCOLATE,7979,126,,,,,7981,126,,,,,7980.0,0.0
1,110300,CHOCOLATE,7979,55,7978.0,83.0,,,7980,55,7981.0,83.0,,,7979.5,0.0
1,110400,CHOCOLATE,7978,63,7977.0,50.0,,,7979,63,7980.0,50.0,,,7978.5,0.0
1,110500,CHOCOLATE,7978,102,,,,,7980,102,,,,,7979.0,0.0
1,110600,CHOCOLATE,7977,156,,,,,7979,156,,,,,7978.0,0.0
1,110700,CHOCOLATE,7977,133,,,,,7978,41,7979.0,92.0,,,7977.5,0.0
1,110800,CHOCOLATE,7977,60,7976.0,86.0,,,7978,60,7979.0,86.0,,,7977.5,0.0
1,110900,CHOCOLATE,7977,120,,,,,7979,120,,,,,7978.0,0.0
1,111000,CHOCOLATE,7978,126,,,,,7979,37,7980.0,89.0,,,7978.5,0.0
1,111100,CHOCOLATE,7979,36,7978.0,84.0,,,7980,120,,,,,7979.5,0.0
1,111200,CHOCOLATE,7979,102,,,,,7981,102,,,,,7980.0,0.0
1,111300,CHOCOLATE,7980,148,,,,,7981,64,7982.0,84.0,,,7980.5,0.0
1,111400,CHOCOLATE,7980,105,,,,,7981,5,7982.0,105.0,,,7980.5,0.0
1,111500,CHOCOLATE,7980,46,7979.0,58.0,,,7981,104,,,,,7980.5,0.0
1,111600,CHOCOLATE,7979,135,,,,,7980,56,7981.0,79.0,,,7979.5,0.0
1,111700,CHOCOLATE,7978,38,7977.0,69.0,,,7979,107,,,,,7978.5,0.0
1,111800,CHOCOLATE,7976,89,,,,,7977,37,7978.0,52.0,,,7976.5,0.0
1,111900,CHOCOLATE,7974,64,7973.0,69.0,,,7975,64,7976.0,69.0,,,7974.5,0.0
1,112000,CHOCOLATE,7973,121,,,,,7975,121,,,,,7974.0,0.0
1,112100,CHOCOLATE,7974,51,7973.0,72.0,,,7975,51,7976.0,72.0,,,7974.5,0.0
1,112200,CHOCOLATE,7972,122,,,,,7974,122,,,,,7973.0,0.0
1,112300,CHOCOLATE,7972,56,7971.0,83.0,,,7973,56,7974.0,83.0,,,7972.5,0.0
1,112400,CHOCOLATE,7971,113,,,,,7973,113,,,,,7972.0,0.0
1,112500,CHOCOLATE,7972,112,,,,,7974,112,,,,,7973.0,0.0
1,112600,CHOCOLATE,7972,102,,,,,7973,37,7974.0,65.0,,,7972.5,0.0
1,112700,CHOCOLATE,7971,96,,,,,7973,96,,,,,7972.0,0.0
1,112800,CHOCOLATE,7972,100,,,,,7973,45,7974.0,55.0,,,7972.5,0.0
1,112900,CHOCOLATE,7972,154,,,,,7973,61,7974.0,93.0,,,7972.5,0.0
1,113000,CHOCOLATE,7971,51,7970.0,54.0,,,7972,105,,,,,7971.5,0.0
1,113100,CHOCOLATE,7968,39,7967.0,68.0,,,7969,107,,,,,7968.5,0.0
1,113200,CHOCOLATE,7967,52,7966.0,52.0,,,7968,52,7969.0,52.0,,,7967.5,0.0
1,113300,CHOCOLATE,7969,152,,,,,7970,61,7971.0,81.0,,,7969.5,0.0
1,113400,CHOCOLATE,7969,134,,,,,7971,134,,,,,7970.0,0.0
1,113500,CHOCOLATE,7971,61,7970.0,98.0,,,7972,61,7973.0,98.0,,,7971.5,0.0
1,113600,CHOCOLATE,7971,38,7970.0,84.0,,,7972,38,7973.0,84.0,,,7971.5,0.0
1,113700,CHOCOLATE,7971,140,,,,,7973,140,,,,,7972.0,0.0
1,113800,CHOCOLATE,7971,109,,,,,7973,109,,,,,7972.0,0.0
1,113900,CHOCOLATE,7971,130,,,,,7973,130,,,,,7972.0,0.0
1,114000,CHOCOLATE,7970,95,,,,,7972,95,,,,,7971.0,0.0
1,114100,CHOCOLATE,7970,117,,,,,7972,117,,,,,7971.0,0.0
1,114200,CHOCOLATE,7970,128,,,,,7972,128,,,,,7971.0,0.0
1,114300,CHOCOLATE,7969,122,,,,,7971,122,,,,,7970.0,0.0
1,114400,CHOCOLATE,7970,44,7969.0,67.0,,,7971,111,,,,,7970.5,0.0
1,114500,CHOCOLATE,7970,64,7969.0,71.0,,,7971,64,7972.0,71.0,,,7970.5,0.0
1,114600,CHOCOLATE,7971,35,7970.0,51.0,,,7972,35,7973.0,51.0,,,7971.5,0.0
1,114700,CHOCOLATE,7970,105,,,,,7971,9,7972.0,105.0,,,7970.5,0.0
1,114800,CHOCOLATE,7972,106,,,,,7973,51,7974.0,55.0,,,7972.5,0.0
1,114900,CHOCOLATE,7972,99,,,,,7974,99,,,,,7973.0,0.0
1,115000,CHOCOLATE,7973,113,,,,,7975,113,,,,,7974.0,0.0
1,115100,CHOCOLATE,7974,150,,,,,7976,150,,,,,7975.0,0.0
1,115200,CHOCOLATE,7975,40,7974.0,82.0,,,7976,122,,,,,7975.5,0.0
1,115300,CHOCOLATE,7975,57,7974.0,64.0,,,7976,121,,,,,7975.5,0.0
1,115400,CHOCOLATE,7973,94,,,,,7975,94,,,,,7974.0,0.0
1,115500,CHOCOLATE,7975,36,7974.0,52.0,,,7976,88,,,,,7975.5,0.0
1,115600,CHOCOLATE,7974,144,,,,,7976,144,,,,,7975.0,0.0
1,115700,CHOCOLATE,7976,119,,,,,7978,119,,,,,7977.0,0.0
1,115800,CHOCOLATE,7977,105,,,,,7979,105,,,,,7978.0,0.0
1,115900,CHOCOLATE,7977,102,,,,,7978,38,7979.0,64.0,,,7977.5,0.0
1,116000,CHOCOLATE,7977,65,7976.0,66.0,,,7978,65,7979.0,66.0,,,7977.5,0.0
1,116100,CHOCOLATE,7976,127,,,,,7977,54,7978.0,73.0,,,7976.5,0.0
1,116200,CHOCOLATE,7975,133,,,,,7977,133,,,,,7976.0,0.0
1,116300,CHOCOLATE,7974,111,,,,,7976,111,,,,,7975.0,0.0
1,116400,CHOCOLATE,7974,148,,,,,7976,148,,,,,7975.0,0.0
1,116500,CHOCOLATE,7975,133,,,,,7977,133,,,,,7976.0,0.0
1,116600,CHOCOLATE,7977,100,,,,,7979,100,,,,,7978.0,0.0
1,116700,CHOCOLATE,7978,115,,,,,7979,60,7980.0,55.0,,,7978.5,0.0
1,116800,CHOCOLATE,7978,49,7977.0,61.0,,,7979,110,,,,,7978.5,0.0
1,116900,CHOCOLATE,7978,107,,,,,7980,107,,,,,7979.0,0.0
1,117000,CHOCOLATE,7977,48,7976.0,63.0,,,7978,111,,,,,7977.5,0.0
1,117100,CHOCOLATE,7977,62,7976.0,76.0,,,7978,62,7979.0,76.0,,,7977.5,0.0
1,117200,CHOCOLATE,7976,92,,,,,7977,42,7978.0,50.0,,,7976.5,0.0
1,117300,CHOCOLATE,7975,52,7974.0,86.0,,,7976,138,,,,,7975.5,0.0
1,117400,CHOCOLATE,7976,98,,,,,7977,36,7978.0,62.0,,,7976.5,0.0
1,117500,CHOCOLATE,7976,150,,,,,7978,150,,,,,7977.0,0.0
1,117600,CHOCOLATE,7975,40,7974.0,77.0,,,7976,40,7977.0,77.0,,,7975.5,0.0
1,117700,CHOCOLATE,7972,111,,,,,7974,111,,,,,7973.0,0.0
1,117800,CHOCOLATE,7972,38,7971.0,83.0,,,7973,121,,,,,7972.5,0.0
1,117900,CHOCOLATE,7972,122,,,,,7974,122,,,,,7973.0,0.0
1,118000,CHOCOLATE,7974,102,,,,,7975,51,7976.0,51.0,,,7974.5,0.0
1,118100,CHOCOLATE,7974,157,,,,,7976,157,,,,,7975.0,0.0
1,118200,CHOCOLATE,7974,40,7973.0,55.0,,,7975,40,7976.0,55.0,,,7974.5,0.0
1,118300,CHOCOLATE,7977,119,,,,,7978,52,7979.0,67.0,,,7977.5,0.0
1,118400,CHOCOLATE,7977,47,7976.0,99.0,,,7978,47,7979.0,99.0,,,7977.5,0.0
1,118500,CHOCOLATE,7975,127,,,,,7977,127,,,,,7976.0,0.0
1,118600,CHOCOLATE,7976,97,,,,,7978,97,,,,,7977.0,0.0
1,118700,CHOCOLATE,7978,41,7977.0,82.0,,,7979,123,,,,,7978.5,0.0
1,118800,CHOCOLATE,7977,132,,,,,7978,62,7979.0,70.0,,,7977.5,0.0
1,118900,CHOCOLATE,7978,60,7977.0,90.0,,,7979,150,,,,,7978.5,0.0
1,119000,CHOCOLATE,7977,147,,,,,7979,147,,,,,7978.0,0.0
1,119100,CHOCOLATE,7976,142,,,,,7977,59,7978.0,83.0,,,7976.5,0.0
1,119200,CHOCOLATE,7976,114,,,,,7977,63,7978.0,51.0,,,7976.5,0.0
1,119300,CHOCOLATE,7975,134,,,,,7977,134,,,,,7976.0,0.0
1,119400,CHOCOLATE,7976,113,,,,,7978,113,,,,,7977.0,0.0
1,119500,CHOCOLATE,7976,109,,,,,7978,109,,,,,7977.0,0.0
1,119600,CHOCOLATE,7978,43,7977.0,58.0,,,7979,101,,,,,7978.5,0.0
1,119700,CHOCOLATE,7979,156,,,,,7980,64,7981.0,92.0,,,7979.5,0.0
1,119800,CHOCOLATE,7978,58,7977.0,98.0,,,7979,58,7980.0,98.0,,,7978.5,0.0
1,119900,CHOCOLATE,7979,132,,,,,7981,132,,,,,7980.0,0.0
1,120000,CHOCOLATE,7979,142,,,,,7981,142,,,,,7980.0,0.0
1,120100,CHOCOLATE,7980,37,7979.0,55.0,,,7981,92,,,,,7980.5,0.0
1,120200,CHOCOLATE,7981,65,7980.0,78.0,,,7982,65,7983.0,78.0,,,7981.5,0.0
1,120300,CHOCOLATE,7980,57,7979.0,74.0,,,7981,131,,,,,7980.5,0.0
1,120400,CHOCOLATE,7979,50,7978.0,60.0,,,7980,110,,,,,7979.5,0.0
1,120500,CHOCOLATE,7979,147,,,,,7980,55,7981.0,92.0,,,7979.5,0.0
1,120600,CHOCOLATE,7981,35,7980.0,54.0,,,7982,89,,,,,7981.5,0.0
1,120700,CHOCOLATE,7980,44,7979.0,78.0,,,7981,122,,,,,7980.5,0.0
1,120800,CHOCOLATE,7979,45,7978.0,90.0,,,7980,45,7981.0,90.0,,,7979.5,0.0
1,120900,CHOCOLATE,7978,60,7977.0,93.0,,,7979,153,,,,,7978.5,0.0
1,121000,CHOCOLATE,7977,150,,,,,7979,150,,,,,7978.0,0.0
1,121100,CHOCOLATE,7977,126,,,,,7979,126,,,,,7978.0,0.0
1,121200,CHOCOLATE,7977,120,,,,,7979,120,,,,,7978.0,0.0
1,121300,CHOCOLATE,7977,99,,,,,7979,99,,,,,7978.0,0.0
1,121400,CHOCOLATE,7977,48,7976.0,58.0,,,7978,48,7979.0,58.0,,,7977.5,0.0
1,121500,CHOCOLATE,7977,61,7976.0,52.0,,,7978,61,7979.0,52.0,,,7977.5,0.0
1,121600,CHOCOLATE,7975,130,,,,,7976,55,7977.0,75.0,,,7975.5,0.0
1,121700,CHOCOLATE,7975,65,7974.0,55.0,,,7976,120,,,,,7975.5,0.0
1,121800,CHOCOLATE,7975,52,7974.0,84.0,,,7976,136,,,,,7975.5,0.0
1,121900,CHOCOLATE,7974,122,,,,,7975,57,7976.0,65.0,,,7974.5,0.0
1,122000,CHOCOLATE,7974,104,,,,,7976,104,,,,,7975.0,0.0
1,122100,CHOCOLATE,7973,54,7972.0,98.0,,,7974,152,,,,,7973.5,0.0
1,122200,CHOCOLATE,7971,103,,,,,7973,103,,,,,7972.0,0.0
1,122300,CHOCOLATE,7970,48,7969.0,94.0,,,7971,152,,,,,7970.5,0.0
1,122400,CHOCOLATE,7970,127,,,,,7971,40,7972.0,87.0,,,7970.5,0.0
1,122500,CHOCOLATE,7971,142,,,,,7972,42,7973.0,100.0,,,7971.5,0.0
1,122600,CHOCOLATE,7970,136,,,,,7972,136,,,,,7971.0,0.0
1,122700,CHOCOLATE,7970,132,,,,,7972,132,,,,,7971.0,0.0
1,122800,CHOCOLATE,7970,156,,,,,7972,156,,,,,7971.0,0.0
1,122900,CHOCOLATE,7970,124,,,,,7972,124,,,,,7971.0,0.0
1,123000,CHOCOLATE,7969,121,,,,,7970,56,7971.0,65.0,,,7969.5,0.0
1,123100,CHOCOLATE,7968,46,7967.0,97.0,,,7969,143,,,,,7968.5,0.0
1,123200,CHOCOLATE,7968,113,,,,,7970,113,,,,,7969.0,0.0
1,123300,CHOCOLATE,7969,145,,,,,7971,138,,,,,7970.0,0.0
1,123400,CHOCOLATE,7970,61,7969.0,95.0,,,7971,156,,,,,7970.5,0.0
1,123500,CHOCOLATE,7971,51,7970.0,99.0,,,7972,150,,,,,7971.5,0.0
1,123600,CHOCOLATE,7970,107,,,,,7972,107,,,,,7971.0,0.0
1,123700,CHOCOLATE,7970,114,,,,,7972,114,,,,,7971.0,0.0
1,123800,CHOCOLATE,7970,126,,,,,7971,35,7972.0,91.0,,,7970.5,0.0
1,123900,CHOCOLATE,7969,145,,,,,7971,140,,,,,7970.0,0.0
1,124000,CHOCOLATE,7970,128,,,,,7972,128,,,,,7971.0,0.0
1,124100,CHOCOLATE,7970,131,,,,,7971,60,7972.0,71.0,,,7970.5,0.0
1,124200,CHOCOLATE,7970,65,7969.0,94.0,,,7971,65,7972.0,94.0,,,7970.5,0.0
1,124300,CHOCOLATE,7969,104,,,,,7970,42,7971.0,62.0,,,7969.5,0.0
1,124400,CHOCOLATE,7969,64,7968.0,79.0,,,7970,64,7971.0,79.0,,,7969.5,0.0
1,124500,CHOCOLATE,7968,116,,,,,7969,54,7970.0,62.0,,,7968.5,0.0
1,124600,CHOCOLATE,7968,121,,,,,7970,121,,,,,7969.0,0.0
1,124700,CHOCOLATE,7969,85,,,,,7970,43,7971.0,50.0,,,7969.5,0.0
1,124800,CHOCOLATE,7969,128,,,,,7970,50,7971.0,78.0,,,7969.5,0.0
1,124900,CHOCOLATE,7970,129,,,,,7971,53,7972.0,76.0,,,7970.5,0.0
1,125000,CHOCOLATE,7969,93,,,,,7971,93,,,,,7970.0,0.0
1,125100,CHOCOLATE,7969,125,,,,,7970,60,7971.0,65.0,,,7969.5,0.0
1,125200,CHOCOLATE,7969,95,,,,,7971,95,,,,,7970.0,0.0
1,125300,CHOCOLATE,7969,114,,,,,7970,61,7971.0,53.0,,,7969.5,0.0
1,125400,CHOCOLATE,7969,128,,,,,7970,35,7971.0,93.0,,,7969.5,0.0
1,125500,CHOCOLATE,7969,56,7968.0,54.0,,,7970,56,7971.0,54.0,,,7969.5,0.0
1,125600,CHOCOLATE,7970,117,,,,,7972,117,,,,,7971.0,0.0
1,125700,CHOCOLATE,7969,55,7968.0,92.0,,,7970,55,7971.0,92.0,,,7969.5,0.0
1,125800,CHOCOLATE,7969,138,,,,,7971,138,,,,,7970.0,0.0
1,125900,CHOCOLATE,7969,134,,,,,7970,37,7971.0,97.0,,,7969.5,0.0
1,126000,CHOCOLATE,7969,109,,,,,7970,35,7971.0,74.0,,,7969.5,0.0
1,126100,CHOCOLATE,7969,145,,,,,7971,145,,,,,7970.0,0.0
1,126200,CHOCOLATE,7970,55,7969.0,72.0,,,7971,55,7972.0,72.0,,,7970.5,0.0
1,126300,CHOCOLATE,7970,157,,,,,7971,65,7972.0,92.0,,,7970.5,0.0
1,126400,CHOCOLATE,7972,42,7971.0,97.0,,,7973,42,7974.0,97.0,,,7972.5,0.0
1,126500,CHOCOLATE,7974,155,,,,,7975,63,7976.0,92.0,,,7974.5,0.0
1,126600,CHOCOLATE,7974,122,,,,,7976,122,,,,,7975.0,0.0
1,126700,CHOCOLATE,7975,124,,,,,7977,124,,,,,7976.0,0.0
1,126800,CHOCOLATE,7975,109,,,,,7976,46,7977.0,63.0,,,7975.5,0.0
1,126900,CHOCOLATE,7975,126,,,,,7976,47,7977.0,79.0,,,7975.5,0.0
1,127000,CHOCOLATE,7975,136,,,,,7976,62,7977.0,74.0,,,7975.5,0.0
1,127100,CHOCOLATE,7976,97,,,,,7977,38,7978.0,59.0,,,7976.5,0.0
1,127200,CHOCOLATE,7976,128,,,,,7978,128,,,,,7977.0,0.0
1,127300,CHOCOLATE,7975,143,,,,,7977,143,,,,,7976.0,0.0
1,127400,CHOCOLATE,7975,111,,,,,7976,42,7977.0,69.0,,,7975.5,0.0
1,127500,CHOCOLATE,7976,59,7975.0,79.0,,,7977,59,7978.0,79.0,,,7976.5,0.0
1,127600,CHOCOLATE,7976,152,,,,,7978,152,,,,,7977.0,0.0
1,127700,CHOCOLATE,7979,126,,,,,7980,41,7981.0,85.0,,,7979.5,0.0
1,127800,CHOCOLATE,7981,35,7980.0,90.0,,,7982,125,,,,,7981.5,0.0
1,127900,CHOCOLATE,7981,150,,,,,7983,150,,,,,7982.0,0.0
1,128000,CHOCOLATE,7981,134,,,,,7983,134,,,,,7982.0,0.0
1,128100,CHOCOLATE,7980,106,,,,,7982,106,,,,,7981.0,0.0
1,128200,CHOCOLATE,7981,46,7980.0,97.0,,,7982,46,7983.0,97.0,,,7981.5,0.0
1,128300,CHOCOLATE,7980,107,,,,,7982,107,,,,,7981.0,0.0
1,128400,CHOCOLATE,7978,61,7977.0,69.0,,,7979,61,7980.0,69.0,,,7978.5,0.0
1,128500,CHOCOLATE,7975,115,,,,,7977,115,,,,,7976.0,0.0
1,128600,CHOCOLATE,7976,35,7975.0,50.0,,,7977,35,7978.0,50.0,,,7976.5,0.0
1,128700,CHOCOLATE,7976,139,,,,,7978,139,,,,,7977.0,0.0
1,128800,CHOCOLATE,7976,65,7975.0,94.0,,,7977,65,7978.0,94.0,,,7976.5,0.0
1,128900,CHOCOLATE,7977,144,,,,,7979,144,,,,,7978.0,0.0
1,129000,CHOCOLATE,7978,105,,,,,7979,50,7980.0,55.0,,,7978.5,0.0
1,129100,CHOCOLATE,7978,50,7977.0,56.0,,,7979,50,7980.0,56.0,,,7978.5,0.0
1,129200,CHOCOLATE,7977,128,,,,,7979,128,,,,,7978.0,0.0
1,129300,CHOCOLATE,7976,146,,,,,7978,146,,,,,7977.0,0.0
1,129400,CHOCOLATE,7977,56,7976.0,60.0,,,7978,107,,,,,7977.5,0.0
1,129500,CHOCOLATE,7977,124,,,,,7979,124,,,,,7978.0,0.0
1,129600,CHOCOLATE,7977,37,7976.0,69.0,,,7978,37,7979.0,69.0,,,7977.5,0.0
1,129700,CHOCOLATE,7976,123,,,,,7978,123,,,,,7977.0,0.0
1,129800,CHOCOLATE,7976,54,7975.0,74.0,,,7977,54,7978.0,74.0,,,7976.5,0.0
1,129900,CHOCOLATE,7975,35,7974.0,60.0,,,7976,95,,,,,7975.5,0.0
1,130000,CHOCOLATE,7976,52,7975.0,98.0,,,7977,150,,,,,7976.5,0.0
1,130100,CHOCOLATE,7975,60,7974.0,87.0,,,7976,60,7977.0,87.0,,,7975.5,0.0
1,130200,CHOCOLATE,7975,129,,,,,7976,41,7977.0,88.0,,,7975.5,0.0
1,130300,CHOCOLATE,7975,144,,,,,7976,51,7977.0,93.0,,,7975.5,0.0
1,130400,CHOCOLATE,7977,38,7976.0,80.0,,,7978,38,7979.0,80.0,,,7977.5,0.0
1,130500,CHOCOLATE,7976,38,7975.0,81.0,,,7977,38,7978.0,81.0,,,7976.5,0.0
1,130600,CHOCOLATE,7975,142,,,,,7977,142,,,,,7976.0,0.0
1,130700,CHOCOLATE,7977,46,7976.0,88.0,,,7978,138,,,,,7977.5,0.0
1,130800,CHOCOLATE,7975,89,,,,,7977,89,,,,,7976.0,0.0
1,130900,CHOCOLATE,7974,120,,,,,7975,40,7976.0,80.0,,,7974.5,0.0
1,131000,CHOCOLATE,7975,63,7974.0,94.0,,,7976,63,7977.0,94.0,,,7975.5,0.0
1,131100,CHOCOLATE,7974,153,,,,,7975,59,7976.0,94.0,,,7974.5,0.0
1,131200,CHOCOLATE,7974,55,7973.0,79.0,,,7975,134,,,,,7974.5,0.0
1,131300,CHOCOLATE,7972,56,7971.0,59.0,,,7973,56,7974.0,59.0,,,7972.5,0.0
1,131400,CHOCOLATE,7971,50,7970.0,77.0,,,7972,127,,,,,7971.5,0.0
1,131500,CHOCOLATE,7971,144,,,,,7973,144,,,,,7972.0,0.0
1,131600,CHOCOLATE,7971,99,,,,,7973,99,,,,,7972.0,0.0
1,131700,CHOCOLATE,7972,58,7971.0,90.0,,,7973,148,,,,,7972.5,0.0
1,131800,CHOCOLATE,7971,38,7970.0,76.0,,,7972,38,7973.0,76.0,,,7971.5,0.0
1,131900,CHOCOLATE,7970,123,,,,,7972,123,,,,,7971.0,0.0
1,132000,CHOCOLATE,7969,108,,,,,7971,108,,,,,7970.0,0.0
1,132100,CHOCOLATE,7971,120,,,,,7973,120,,,,,7972.0,0.0
1,132200,CHOCOLATE,7972,120,,,,,7973,36,7974.0,84.0,,,7972.5,0.0
1,132300,CHOCOLATE,7971,135,,,,,7973,135,,,,,7972.0,0.0
1,132400,CHOCOLATE,7972,44,7971.0,76.0,,,7973,120,,,,,7972.5,0.0
1,132500,CHOCOLATE,7971,111,,,,,7972,61,7973.0,50.0,,,7971.5,0.0
1,132600,CHOCOLATE,7970,146,,,,,7972,146,,,,,7971.0,0.0
1,132700,CHOCOLATE,7972,118,,,,,7974,118,,,,,7973.0,0.0
1,132800,CHOCOLATE,7971,98,,,,,7973,98,,,,,7972.0,0.0
1,132900,CHOCOLATE,7970,113,,,,,7971,50,7972.0,63.0,,,7970.5,0.0
1,133000,CHOCOLATE,7969,96,,,,,7971,96,,,,,7970.0,0.0
1,133100,CHOCOLATE,7968,40,7967.0,92.0,,,7969,40,7970.0,92.0,,,7968.5,0.0
1,133200,CHOCOLATE,7969,102,,,,,7971,102,,,,,7970.0,0.0
1,133300,CHOCOLATE,7970,42,7969.0,83.0,,,7971,125,,,,,7970.5,0.0
1,133400,CHOCOLATE,7970,52,7969.0,83.0,,,7971,52,7972.0,83.0,,,7970.5,0.0
1,133500,CHOCOLATE,7970,104,,,,,7971,40,7972.0,64.0,,,7970.5,0.0
1,133600,CHOCOLATE,7970,134,,,,,7972,134,,,,,7971.0,0.0
1,133700,CHOCOLATE,7971,40,7970.0,68.0,,,7972,108,,,,,7971.5,0.0
1,133800,CHOCOLATE,7970,39,7969.0,77.0,,,7971,39,7972.0,77.0,,,7970.5,0.0
1,133900,CHOCOLATE,7969,47,7968.0,59.0,,,7970,106,,,,,7969.5,0.0
1,134000,CHOCOLATE,7969,128,,,,,7971,128,,,,,7970.0,0.0
1,134100,CHOCOLATE,7969,49,7968.0,93.0,,,7970,142,,,,,7969.5,0.0
1,134200,CHOCOLATE,7970,108,,,,,7972,108,,,,,7971.0,0.0
1,134300,CHOCOLATE,7970,155,,,,,7972,155,,,,,7971.0,0.0
1,134400,CHOCOLATE,7971,99,,,,,7973,99,,,,,7972.0,0.0
1,134500,CHOCOLATE,7971,105,,,,,7973,105,,,,,7972.0,0.0
1,134600,CHOCOLATE,7972,117,,,,,7974,117,,,,,7973.0,0.0
1,134700,CHOCOLATE,7973,60,7972.0,92.0,,,7974,60,7975.0,92.0,,,7973.5,0.0
1,134800,CHOCOLATE,7972,146,,,,,7974,146,,,,,7973.0,0.0
1,134900,CHOCOLATE,7973,134,,,,,7975,134,,,,,7974.0,0.0
1,135000,CHOCOLATE,7972,141,,,,,7973,59,7974.0,82.0,,,7972.5,0.0
1,135100,CHOCOLATE,7972,140,,,,,7974,140,,,,,7973.0,0.0
1,135200,CHOCOLATE,7972,154,,,,,7974,154,,,,,7973.0,0.0
1,135300,CHOCOLATE,7974,103,,,,,7975,37,7976.0,66.0,,,7974.5,0.0
1,135400,CHOCOLATE,7975,125,,,,,7977,125,,,,,7976.0,0.0
1,135500,CHOCOLATE,7976,104,,,,,7977,43,7978.0,61.0,,,7976.5,0.0
1,135600,CHOCOLATE,7976,62,7975.0,82.0,,,7977,62,7978.0,82.0,,,7976.5,0.0
1,135700,CHOCOLATE,7977,137,,,,,7979,137,,,,,7978.0,0.0
1,135800,CHOCOLATE,7977,130,,,,,7979,130,,,,,7978.0,0.0
1,135900,CHOCOLATE,7976,40,7975.0,98.0,,,7977,138,,,,,7976.5,0.0
1,136000,CHOCOLATE,7975,45,7974.0,90.0,,,7976,135,,,,,7975.5,0.0
1,136100,CHOCOLATE,7973,144,,,,,7975,144,,,,,7974.0,0.0
1,136200,CHOCOLATE,7973,127,,,,,7975,127,,,,,7974.0,0.0
1,136300,CHOCOLATE,7974,152,,,,,7975,61,7976.0,91.0,,,7974.5,0.0
1,136400,CHOCOLATE,7975,59,7974.0,97.0,,,7976,59,7977.0,97.0,,,7975.5,0.0
1,136500,CHOCOLATE,7975,43,7974.0,59.0,,,7976,43,7977.0,59.0,,,7975.5,0.0
1,136600,CHOCOLATE,7975,41,7974.0,77.0,,,7976,118,,,,,7975.5,0.0
1,136700,CHOCOLATE,7975,141,,,,,7977,141,,,,,7976.0,0.0
1,136800,CHOCOLATE,7977,131,,,,,7979,131,,,,,7978.0,0.0
1,136900,CHOCOLATE,7978,42,7977.0,97.0,,,7979,139,,,,,7978.5,0.0
1,137000,CHOCOLATE,7978,139,,,,,7979,55,7980.0,84.0,,,7978.5,0.0
1,137100,CHOCOLATE,7978,137,,,,,7980,137,,,,,7979.0,0.0
1,137200,CHOCOLATE,7978,10,7977.0,151.0,,,7979,151,,,,,7978.5,0.0
1,137300,CHOCOLATE,7978,123,,,,,7980,123,,,,,7979.0,0.0
1,137400,CHOCOLATE,7980,124,,,,,7982,116,,,,,7981.0,0.0
1,137500,CHOCOLATE,7979,152,,,,,7980,54,7981.0,98.0,,,7979.5,0.0
1,137600,CHOCOLATE,7979,130,,,,,7981,130,,,,,7980.0,0.0
1,137700,CHOCOLATE,7979,117,,,,,7980,59,7981.0,58.0,,,7979.5,0.0
1,137800,CHOCOLATE,7979,119,,,,,7981,119,,,,,7980.0,0.0
1,137900,CHOCOLATE,7980,133,,,,,7982,133,,,,,7981.0,0.0
1,138000,CHOCOLATE,7980,55,7979.0,58.0,,,7981,55,7982.0,58.0,,,7980.5,0.0
1,138100,CHOCOLATE,7981,116,,,,,7983,116,,,,,7982.0,0.0
1,138200,CHOCOLATE,7981,130,,,,,7983,130,,,,,7982.0,0.0
1,138300,CHOCOLATE,7984,43,7983.0,70.0,,,7985,113,,,,,7984.5,0.0
1,138400,CHOCOLATE,7982,102,,,,,7984,102,,,,,7983.0,0.0
1,138500,CHOCOLATE,7980,95,,,,,7982,95,,,,,7981.0,0.0
1,138600,CHOCOLATE,7980,131,,,,,7982,131,,,,,7981.0,0.0
1,138700,CHOCOLATE,7980,149,,,,,7981,65,7982.0,84.0,,,7980.5,0.0
1,138800,CHOCOLATE,7981,57,7980.0,82.0,,,7982,139,,,,,7981.5,0.0
1,138900,CHOCOLATE,7981,119,,,,,7983,119,,,,,7982.0,0.0
1,139000,CHOCOLATE,7982,46,7981.0,68.0,,,7983,46,7984.0,68.0,,,7982.5,0.0
1,139100,CHOCOLATE,7982,125,,,,,7983,65,7984.0,60.0,,,7982.5,0.0
1,139200,CHOCOLATE,7983,47,7982.0,100.0,,,7984,147,,,,,7983.5,0.0
1,139300,CHOCOLATE,7983,137,,,,,7984,54,7985.0,83.0,,,7983.5,0.0
1,139400,CHOCOLATE,7982,94,,,,,7984,94,,,,,7983.0,0.0
1,139500,CHOCOLATE,7982,37,7981.0,97.0,,,7983,37,7984.0,97.0,,,7982.5,0.0
1,139600,CHOCOLATE,7982,49,7981.0,55.0,,,7983,49,7984.0,55.0,,,7982.5,0.0
1,139700,CHOCOLATE,7982,124,,,,,7984,124,,,,,7983.0,0.0
1,139800,CHOCOLATE,7981,87,,,,,7982,37,7983.0,50.0,,,7981.5,0.0
1,139900,CHOCOLATE,7981,142,,,,,7982,51,7983.0,100.0,,,7981.5,0.0
1,140000,CHOCOLATE,7982,42,7981.0,57.0,,,7983,99,,,,,7982.5,0.0
1,140100,CHOCOLATE,7981,105,,,,,7982,53,7983.0,52.0,,,7981.5,0.0
1,140200,CHOCOLATE,7981,110,,,,,7982,52,7983.0,58.0,,,7981.5,0.0
1,140300,CHOCOLATE,7980,154,,,,,7982,154,,,,,7981.0,0.0
1,140400,CHOCOLATE,7978,114,,,,,7980,114,,,,,7979.0,0.0
1,140500,CHOCOLATE,7977,98,,,,,7979,98,,,,,7978.0,0.0
1,140600,CHOCOLATE,7977,53,7976.0,98.0,,,7978,151,,,,,7977.5,0.0
1,140700,CHOCOLATE,7978,54,7977.0,54.0,,,7979,112,,,,,7978.5,0.0
1,140800,CHOCOLATE,7977,40,7976.0,52.0,,,7978,40,7979.0,52.0,,,7977.5,0.0
1,140900,CHOCOLATE,7977,48,7976.0,88.0,,,7978,48,7979.0,88.0,,,7977.5,0.0
1,141000,CHOCOLATE,7975,162,,,,,7976,63,7977.0,91.0,,,7975.5,0.0
1,141100,CHOCOLATE,7974,131,,,,,7976,131,,,,,7975.0,0.0
1,141200,CHOCOLATE,7975,153,,,,,7977,153,,,,,7976.0,0.0
1,141300,CHOCOLATE,7976,40,7975.0,64.0,,,7977,104,,,,,7976.5,0.0
1,141400,CHOCOLATE,7975,130,,,,,7976,58,7977.0,72.0,,,7975.5,0.0
1,141500,CHOCOLATE,7973,107,,,,,7975,107,,,,,7974.0,0.0
1,141600,CHOCOLATE,7972,39,7971.0,83.0,,,7973,122,,,,,7972.5,0.0
1,141700,CHOCOLATE,7972,146,,,,,7973,48,7974.0,98.0,,,7972.5,0.0
1,141800,CHOCOLATE,7972,134,,,,,7974,134,,,,,7973.0,0.0
1,141900,CHOCOLATE,7972,109,,,,,7974,109,,,,,7973.0,0.0
1,142000,CHOCOLATE,7971,48,7970.0,81.0,,,7972,48,7973.0,81.0,,,7971.5,0.0
1,142100,CHOCOLATE,7973,58,7972.0,68.0,,,7974,126,,,,,7973.5,0.0
1,142200,CHOCOLATE,7974,129,,,,,7976,129,,,,,7975.0,0.0
1,142300,CHOCOLATE,7973,48,7972.0,51.0,,,7974,48,7975.0,51.0,,,7973.5,0.0
1,142400,CHOCOLATE,7975,123,,,,,7977,123,,,,,7976.0,0.0
1,142500,CHOCOLATE,7975,53,7974.0,91.0,,,7976,144,,,,,7975.5,0.0
1,142600,CHOCOLATE,7975,152,,,,,7977,152,,,,,7976.0,0.0
1,142700,CHOCOLATE,7974,38,7973.0,93.0,,,7975,38,7976.0,93.0,,,7974.5,0.0
1,142800,CHOCOLATE,7973,117,,,,,7975,117,,,,,7974.0,0.0
1,142900,CHOCOLATE,7974,38,7973.0,84.0,,,7975,38,7976.0,84.0,,,7974.5,0.0
1,143000,CHOCOLATE,7973,133,,,,,7974,6,7975.0,133.0,,,7973.5,0.0
1,143100,CHOCOLATE,7972,148,,,,,7973,49,7974.0,99.0,,,7972.5,0.0
1,143200,CHOCOLATE,7972,64,7971.0,60.0,,,7973,64,7974.0,60.0,,,7972.5,0.0
1,143300,CHOCOLATE,7971,58,7970.0,97.0,,,7972,58,7973.0,97.0,,,7971.5,0.0
1,143400,CHOCOLATE,7972,116,,,,,7973,63,7974.0,53.0,,,7972.5,0.0
1,143500,CHOCOLATE,7972,138,,,,,7973,56,7974.0,82.0,,,7972.5,0.0
1,143600,CHOCOLATE,7971,149,,,,,7973,149,,,,,7972.0,0.0
1,143700,CHOCOLATE,7970,146,,,,,7972,146,,,,,7971.0,0.0
1,143800,CHOCOLATE,7971,38,7970.0,59.0,,,7972,97,,,,,7971.5,0.0
1,143900,CHOCOLATE,7969,123,,,,,7971,123,,,,,7970.0,0.0
1,144000,CHOCOLATE,7969,139,,,,,7971,139,,,,,7970.0,0.0
1,144100,CHOCOLATE,7969,56,7968.0,62.0,,,7970,56,7971.0,62.0,,,7969.5,0.0
1,144200,CHOCOLATE,7968,35,7967.0,56.0,,,7969,35,7970.0,56.0,,,7968.5,0.0
1,144300,CHOCOLATE,7969,49,7968.0,93.0,,,7970,142,,,,,7969.5,0.0
1,144400,CHOCOLATE,7970,47,7969.0,98.0,,,7971,145,,,,,7970.5,0.0
1,144500,CHOCOLATE,7968,49,7967.0,79.0,,,7969,49,7970.0,79.0,,,7968.5,0.0
1,144600,CHOCOLATE,7967,105,,,,,7969,105,,,,,7968.0,0.0
1,144700,CHOCOLATE,7967,46,7966.0,84.0,,,7968,46,7969.0,84.0,,,7967.5,0.0
1,144800,CHOCOLATE,7968,63,7967.0,86.0,,,7969,63,7970.0,86.0,,,7968.5,0.0
1,144900,CHOCOLATE,7967,132,,,,,7969,132,,,,,7968.0,0.0
1,145000,CHOCOLATE,7968,140,,,,,7969,51,7970.0,89.0,,,7968.5,0.0
1,145100,CHOCOLATE,7967,42,7966.0,84.0,,,7968,126,,,,,7967.5,0.0
1,145200,CHOCOLATE,7967,137,,,,,7968,54,7969.0,83.0,,,7967.5,0.0
1,145300,CHOCOLATE,7966,129,,,,,7968,129,,,,,7967.0,0.0
1,145400,CHOCOLATE,7967,58,7966.0,97.0,,,7968,155,,,,,7967.5,0.0
1,145500,CHOCOLATE,7968,154,,,,,7970,154,,,,,7969.0,0.0
1,145600,CHOCOLATE,7967,113,,,,,7969,113,,,,,7968.0,0.0
1,145700,CHOCOLATE,7967,52,7966.0,75.0,,,7968,52,7969.0,75.0,,,7967.5,0.0
1,145800,CHOCOLATE,7967,106,,,,,7969,106,,,,,7968.0,0.0
1,145900,CHOCOLATE,7966,44,7965.0,88.0,,,7967,132,,,,,7966.5,0.0
1,146000,CHOCOLATE,7966,59,7965.0,92.0,,,7967,151,,,,,7966.5,0.0
1,146100,CHOCOLATE,7965,112,,,,,7967,112,,,,,7966.0,0.0
1,146200,CHOCOLATE,7965,139,,,,,7966,49,7967.0,90.0,,,7965.5,0.0
1,146300,CHOCOLATE,7965,143,,,,,7967,143,,,,,7966.0,0.0
1,146400,CHOCOLATE,7966,39,7965.0,58.0,,,7967,39,7968.0,58.0,,,7966.5,0.0
1,146500,CHOCOLATE,7967,40,7966.0,54.0,,,7968,94,,,,,7967.5,0.0
1,146600,CHOCOLATE,7966,136,,,,,7967,42,7968.0,94.0,,,7966.5,0.0
1,146700,CHOCOLATE,7963,50,7962.0,88.0,,,7964,50,7965.0,88.0,,,7963.5,0.0
1,146800,CHOCOLATE,7961,35,7960.0,53.0,,,7962,88,,,,,7961.5,0.0
1,146900,CHOCOLATE,7960,136,,,,,7961,64,7962.0,72.0,,,7960.5,0.0
1,147000,CHOCOLATE,7961,112,,,,,7962,44,7963.0,68.0,,,7961.5,0.0
1,147100,CHOCOLATE,7962,110,,,,,7963,43,7964.0,67.0,,,7962.5,0.0
1,147200,CHOCOLATE,7961,151,,,,,7962,57,7963.0,94.0,,,7961.5,0.0
1,147300,CHOCOLATE,7961,59,7960.0,55.0,,,7962,59,7963.0,55.0,,,7961.5,0.0
1,147400,CHOCOLATE,7963,155,,,,,7964,61,7965.0,94.0,,,7963.5,0.0
1,147500,CHOCOLATE,7962,134,,,,,7964,134,,,,,7963.0,0.0
1,147600,CHOCOLATE,7963,130,,,,,7964,54,7965.0,76.0,,,7963.5,0.0
1,147700,CHOCOLATE,7964,43,7963.0,91.0,,,7965,134,,,,,7964.5,0.0
1,147800,CHOCOLATE,7962,144,,,,,7963,54,7964.0,90.0,,,7962.5,0.0
1,147900,CHOCOLATE,7962,45,7961.0,53.0,,,7963,45,7964.0,53.0,,,7962.5,0.0
1,148000,CHOCOLATE,7961,134,,,,,7962,36,7963.0,98.0,,,7961.5,0.0
1,148100,CHOCOLATE,7962,140,,,,,7963,61,7964.0,79.0,,,7962.5,0.0
1,148200,CHOCOLATE,7963,117,,,,,7964,46,7965.0,71.0,,,7963.5,0.0
1,148300,CHOCOLATE,7963,90,,,,,7965,90,,,,,7964.0,0.0
1,148400,CHOCOLATE,7963,139,,,,,7964,58,7965.0,81.0,,,7963.5,0.0
1,148500,CHOCOLATE,7963,48,7962.0,59.0,,,7964,48,7965.0,59.0,,,7963.5,0.0
1,148600,CHOCOLATE,7963,65,7962.0,72.0,,,7964,137,,,,,7963.5,0.0
1,148700,CHOCOLATE,7963,110,,,,,7965,110,,,,,7964.0,0.0
1,148800,CHOCOLATE,7963,95,,,,,7964,38,7965.0,57.0,,,7963.5,0.0
1,148900,CHOCOLATE,7964,153,,,,,7966,153,,,,,7965.0,0.0
1,149000,CHOCOLATE,7966,39,7965.0,94.0,,,7967,133,,,,,7966.5,0.0
1,149100,CHOCOLATE,7965,47,7964.0,73.0,,,7966,120,,,,,7965.5,0.0
1,149200,CHOCOLATE,7963,125,,,,,7965,125,,,,,7964.0,0.0
1,149300,CHOCOLATE,7964,141,,,,,7966,141,,,,,7965.0,0.0
1,149400,CHOCOLATE,7962,132,,,,,7964,132,,,,,7963.0,0.0
1,149500,CHOCOLATE,7963,62,7962.0,53.0,,,7964,115,,,,,7963.5,0.0
1,149600,CHOCOLATE,7963,156,,,,,7964,61,7965.0,95.0,,,7963.5,0.0
1,149700,CHOCOLATE,7962,62,7961.0,81.0,,,7963,143,,,,,7962.5,0.0
1,149800,CHOCOLATE,7961,138,,,,,7962,63,7963.0,75.0,,,7961.5,0.0
1,149900,CHOCOLATE,7961,117,,,,,7962,60,7963.0,57.0,,,7961.5,0.0
1,150000,CHOCOLATE,7960,106,,,,,7962,106,,,,,7961.0,0.0
1,150100,CHOCOLATE,7960,131,,,,,7962,131,,,,,7961.0,0.0
1,150200,CHOCOLATE,7962,64,7961.0,95.0,,,7963,159,,,,,7962.5,0.0
1,150300,CHOCOLATE,7960,107,,,,,7962,107,,,,,7961.0,0.0
1,150400,CHOCOLATE,7961,109,,,,,7962,40,7963.0,69.0,,,7961.5,0.0
1,150500,CHOCOLATE,7962,64,7961.0,63.0,,,7963,127,,,,,7962.5,0.0
1,150600,CHOCOLATE,7962,58,7961.0,72.0,,,7963,130,,,,,7962.5,0.0
1,150700,CHOCOLATE,7962,119,,,,,7964,119,,,,,7963.0,0.0
1,150800,CHOCOLATE,7963,58,7962.0,93.0,,,7964,58,7965.0,93.0,,,7963.5,0.0
1,150900,CHOCOLATE,7964,39,7963.0,88.0,,,7965,127,,,,,7964.5,0.0
1,151000,CHOCOLATE,7963,121,,,,,7964,50,7965.0,71.0,,,7963.5,0.0
1,151100,CHOCOLATE,7961,126,,,,,7963,126,,,,,7962.0,0.0
1,151200,CHOCOLATE,7962,49,7961.0,97.0,,,7963,49,7964.0,97.0,,,7962.5,0.0
1,151300,CHOCOLATE,7962,120,,,,,7964,120,,,,,7963.0,0.0
1,151400,CHOCOLATE,7964,42,7963.0,77.0,,,7965,119,,,,,7964.5,0.0
1,151500,CHOCOLATE,7963,146,,,,,7965,146,,,,,7964.0,0.0
1,151600,CHOCOLATE,7964,122,,,,,7966,122,,,,,7965.0,0.0
1,151700,CHOCOLATE,7964,43,7963.0,79.0,,,7965,43,7966.0,79.0,,,7964.5,0.0
1,151800,CHOCOLATE,7964,102,,,,,7966,102,,,,,7965.0,0.0
1,151900,CHOCOLATE,7962,52,7961.0,75.0,,,7963,127,,,,,7962.5,0.0
1,152000,CHOCOLATE,7960,125,,,,,7962,125,,,,,7961.0,0.0
1,152100,CHOCOLATE,7959,103,,,,,7961,103,,,,,7960.0,0.0
1,152200,CHOCOLATE,7960,53,7959.0,84.0,,,7961,53,7962.0,84.0,,,7960.5,0.0
1,152300,CHOCOLATE,7961,52,7960.0,61.0,,,7962,113,,,,,7961.5,0.0
1,152400,CHOCOLATE,7961,55,7960.0,60.0,,,7962,55,7963.0,60.0,,,7961.5,0.0
1,152500,CHOCOLATE,7961,100,,,,,7962,45,7963.0,55.0,,,7961.5,0.0
1,152600,CHOCOLATE,7961,149,,,,,7963,149,,,,,7962.0,0.0
1,152700,CHOCOLATE,7963,53,7962.0,70.0,,,7964,53,7965.0,70.0,,,7963.5,0.0
1,152800,CHOCOLATE,7962,117,,,,,7964,117,,,,,7963.0,0.0
1,152900,CHOCOLATE,7962,113,,,,,7963,37,7964.0,76.0,,,7962.5,0.0
1,153000,CHOCOLATE,7964,131,,,,,7965,65,7966.0,66.0,,,7964.5,0.0
1,153100,CHOCOLATE,7965,113,,,,,7967,113,,,,,7966.0,0.0
1,153200,CHOCOLATE,7966,116,,,,,7968,116,,,,,7967.0,0.0
1,153300,CHOCOLATE,7967,107,,,,,7969,107,,,,,7968.0,0.0
1,153400,CHOCOLATE,7965,139,,,,,7967,139,,,,,7966.0,0.0
1,153500,CHOCOLATE,7966,48,7965.0,85.0,,,7967,48,7968.0,85.0,,,7966.5,0.0
1,153600,CHOCOLATE,7966,122,,,,,7967,57,7968.0,65.0,,,7966.5,0.0
1,153700,CHOCOLATE,7967,39,7966.0,88.0,,,7968,39,7969.0,88.0,,,7967.5,0.0
1,153800,CHOCOLATE,7966,115,,,,,7968,115,,,,,7967.0,0.0
1,153900,CHOCOLATE,7965,145,,,,,7967,145,,,,,7966.0,0.0
1,154000,CHOCOLATE,7965,53,7964.0,91.0,,,7966,144,,,,,7965.5,0.0
1,154100,CHOCOLATE,7967,59,7966.0,96.0,,,7968,146,,,,,7967.5,0.0
1,154200,CHOCOLATE,7966,49,7965.0,82.0,,,7967,131,,,,,7966.5,0.0
1,154300,CHOCOLATE,7963,91,,,,,7965,91,,,,,7964.0,0.0
1,154400,CHOCOLATE,7962,114,,,,,7964,114,,,,,7963.0,0.0
1,154500,CHOCOLATE,7962,38,7961.0,55.0,,,7963,93,,,,,7962.5,0.0
1,154600,CHOCOLATE,7962,137,,,,,7963,57,7964.0,80.0,,,7962.5,0.0
1,154700,CHOCOLATE,7962,156,,,,,7963,57,7964.0,99.0,,,7962.5,0.0
1,154800,CHOCOLATE,7963,63,7962.0,69.0,,,7964,63,7965.0,69.0,,,7963.5,0.0
1,154900,CHOCOLATE,7963,37,7962.0,64.0,,,7964,101,,,,,7963.5,0.0
1,155000,CHOCOLATE,7961,142,,,,,7963,142,,,,,7962.0,0.0
1,155100,CHOCOLATE,7960,122,,,,,7962,122,,,,,7961.0,0.0
1,155200,CHOCOLATE,7960,106,,,,,7961,45,7962.0,61.0,,,7960.5,0.0
1,155300,CHOCOLATE,7961,103,,,,,7962,43,7963.0,60.0,,,7961.5,0.0
1,155400,CHOCOLATE,7962,118,,,,,7963,55,7964.0,63.0,,,7962.5,0.0
1,155500,CHOCOLATE,7961,61,7960.0,89.0,,,7962,150,,,,,7961.5,0.0
1,155600,CHOCOLATE,7959,123,,,,,7961,123,,,,,7960.0,0.0
1,155700,CHOCOLATE,7959,133,,,,,7961,133,,,,,7960.0,0.0
1,155800,CHOCOLATE,7958,92,,,,,7960,92,,,,,7959.0,0.0
1,155900,CHOCOLATE,7960,62,7959.0,78.0,,,7961,62,7962.0,78.0,,,7960.5,0.0
1,156000,CHOCOLATE,7959,39,7958.0,50.0,,,7960,39,7961.0,50.0,,,7959.5,0.0
1,156100,CHOCOLATE,7957,114,,,,,7958,37,7959.0,77.0,,,7957.5,0.0
1,156200,CHOCOLATE,7957,132,,,,,7959,132,,,,,7958.0,0.0
1,156300,CHOCOLATE,7960,35,7959.0,84.0,,,7961,119,,,,,7960.5,0.0
1,156400,CHOCOLATE,7959,144,,,,,7961,144,,,,,7960.0,0.0
1,156500,CHOCOLATE,7960,144,,,,,7961,64,7962.0,80.0,,,7960.5,0.0
1,156600,CHOCOLATE,7960,50,7959.0,68.0,,,7961,118,,,,,7960.5,0.0
1,156700,CHOCOLATE,7960,122,,,,,7961,39,7962.0,83.0,,,7960.5,0.0
1,156800,CHOCOLATE,7960,38,7959.0,51.0,,,7961,89,,,,,7960.5,0.0
1,156900,CHOCOLATE,7960,118,,,,,7961,40,7962.0,78.0,,,7960.5,0.0
1,157000,CHOCOLATE,7960,56,7959.0,90.0,,,7961,56,7962.0,90.0,,,7960.5,0.0
1,157100,CHOCOLATE,7959,125,,,,,7960,51,7961.0,74.0,,,7959.5,0.0
1,157200,CHOCOLATE,7959,130,,,,,7961,130,,,,,7960.0,0.0
1,157300,CHOCOLATE,7961,60,7960.0,91.0,,,7962,60,7963.0,91.0,,,7961.5,0.0
1,157400,CHOCOLATE,7960,50,7959.0,63.0,,,7961,117,,,,,7960.5,0.0
1,157500,CHOCOLATE,7960,54,7959.0,96.0,,,7961,150,,,,,7960.5,0.0
1,157600,CHOCOLATE,7960,59,7959.0,99.0,,,7961,158,,,,,7960.5,0.0
1,157700,CHOCOLATE,7960,115,,,,,7961,55,7962.0,60.0,,,7960.5,0.0
1,157800,CHOCOLATE,7960,50,7959.0,100.0,,,7961,150,,,,,7960.5,0.0
1,157900,CHOCOLATE,7960,51,7959.0,91.0,,,7961,142,,,,,7960.5,0.0
1,158000,CHOCOLATE,7960,108,,,,,7962,108,,,,,7961.0,0.0
1,158100,CHOCOLATE,7959,65,7958.0,62.0,,,7960,65,7961.0,62.0,,,7959.5,0.0
1,158200,CHOCOLATE,7958,121,,,,,7960,121,,,,,7959.0,0.0
1,158300,CHOCOLATE,7958,36,7957.0,56.0,,,7959,92,,,,,7958.5,0.0
1,158400,CHOCOLATE,7957,56,7956.0,67.0,,,7958,56,7959.0,67.0,,,7957.5,0.0
1,158500,CHOCOLATE,7957,54,7956.0,58.0,,,7958,54,7959.0,58.0,,,7957.5,0.0
1,158600,CHOCOLATE,7956,96,,,,,7958,96,,,,,7957.0,0.0
1,158700,CHOCOLATE,7955,131,,,,,7957,131,,,,,7956.0,0.0
1,158800,CHOCOLATE,7956,62,7955.0,78.0,,,7957,140,,,,,7956.5,0.0
1,158900,CHOCOLATE,7955,150,,,,,7957,150,,,,,7956.0,0.0
1,159000,CHOCOLATE,7955,124,,,,,7956,43,7957.0,81.0,,,7955.5,0.0
1,159100,CHOCOLATE,7955,150,,,,,7957,150,,,,,7956.0,0.0
1,159200,CHOCOLATE,7955,141,,,,,7957,141,,,,,7956.0,0.0
1,159300,CHOCOLATE,7955,130,,,,,7956,36,7957.0,94.0,,,7955.5,0.0
1,159400,CHOCOLATE,7954,149,,,,,7956,149,,,,,7955.0,0.0
1,159500,CHOCOLATE,7955,55,7954.0,67.0,,,7956,122,,,,,7955.5,0.0
1,159600,CHOCOLATE,7953,51,7952.0,96.0,,,7954,51,7955.0,96.0,,,7953.5,0.0
