day,timestamp,product,bid_price_1,bid_volume_1,bid_price_2,bid_volume_2,bid_price_3,bid_volume_3,ask_price_1,ask_volume_1,ask_price_2,ask_volume_2,ask_price_3,ask_volume_3,mid_price,profit_and_loss
2,0,GIFT_BASKET,70593,1,70592.0,10.0,70591.0,27.0,70604,1,70605.0,10.0,70606.0,27.0,70598.5,0.0
2,100,GIFT_BASKET,70615,3,70609.0,19.0,70608.0,20.0,70622,19,70623.0,20.0,,,70618.5,0.0
2,200,GIFT_BASKET,70612,2,70611.0,13.0,70609.0,20.0,70622,2,70624.0,13.0,70625.0,20.0,70617.0,0.0
2,300,GIFT_BASKET,70610,1,70609.0,15.0,70608.0,18.0,70621,1,70622.0,15.0,70623.0,18.0,70615.5,0.0
2,400,GIFT_BASKET,70623,16,70622.0,30.0,,,70636,16,70637.0,30.0,,,70629.5,0.0
2,500,GIFT_BASKET,70631,14,70630.0,20.0,,,70644,14,70645.0,20.0,,,70637.5,0.0
2,600,GIFT_BASKET,70631,14,70630.0,23.0,,,70644,14,70645.0,23.0,,,70637.5,0.0
2,700,GIFT_BASKET,70632,12,70631.0,18.0,,,70645,12,70646.0,18.0,,,70638.5,0.0
2,800,GIFT_BASKET,70640,1,70639.0,10.0,70637.0,28.0,70650,1,70652.0,10.0,70653.0,28.0,70645.0,0.0
2,900,GIFT_BASKET,70651,3,70640.0,14.0,70639.0,24.0,70653,14,70654.0,24.0,,,70652.0,0.0
2,1000,GIFT_BASKET,70659,2,70658.0,18.0,70657.0,30.0,70670,2,70671.0,18.0,70672.0,30.0,70664.5,0.0
2,1100,GIFT_BASKET,70648,2,70646.0,19.0,70645.0,27.0,70658,2,70659.0,19.0,70661.0,27.0,70653.0,0.0
2,1200,GIFT_BASKET,70649,1,70648.0,12.0,70647.0,20.0,70660,1,70661.0,12.0,70662.0,20.0,70654.5,0.0
2,1300,GIFT_BASKET,70633,6,70628.0,5.0,70622.0,10.0,70635,10,70636.0,17.0,,,70634.0,0.0
2,1400,GIFT_BASKET,70621,2,70620.0,16.0,70618.0,23.0,70631,2,70633.0,16.0,70634.0,23.0,70626.0,0.0
2,1500,GIFT_BASKET,70626,2,70625.0,16.0,70624.0,26.0,70637,2,70638.0,16.0,70639.0,26.0,70631.5,0.0
2,1600,GIFT_BASKET,70636,1,70635.0,12.0,70634.0,29.0,70647,1,70648.0,12.0,70649.0,29.0,70641.5,0.0
2,1700,GIFT_BASKET,70641,18,70640.0,29.0,,,70654,18,70655.0,29.0,,,70647.5,0.0
2,1800,GIFT_BASKET,70628,2,70627.0,15.0,70626.0,15.0,70639,2,70640.0,15.0,70641.0,15.0,70633.5,0.0
2,1900,GIFT_BASKET,70633,2,70632.0,11.0,70631.0,30.0,70644,2,70645.0,11.0,70646.0,30.0,70638.5,0.0
2,2000,GIFT_BASKET,70621,11,70620.0,17.0,,,70634,11,70635.0,17.0,,,70627.5,0.0
2,2100,GIFT_BASKET,70623,16,70622.0,15.0,,,70636,16,70637.0,15.0,,,70629.5,0.0
2,2200,GIFT_BASKET,70625,2,70624.0,12.0,70623.0,19.0,70636,2,70637.0,12.0,70638.0,19.0,70630.5,0.0
2,2300,GIFT_BASKET,70629,2,70624.0,1.0,70623.0,18.0,70635,1,70636.0,18.0,70637.0,26.0,70632.0,0.0
2,2400,GIFT_BASKET,70625,1,70624.0,16.0,70623.0,28.0,70636,1,70637.0,16.0,70638.0,28.0,70630.5,0.0
2,2500,GIFT_BASKET,70624,11,70623.0,18.0,,,70637,11,70638.0,18.0,,,70630.5,0.0
2,2600,GIFT_BASKET,70604,1,70603.0,10.0,70602.0,25.0,70615,1,70616.0,10.0,70617.0,25.0,70609.5,0.0
2,2700,GIFT_BASKET,70621,2,70620.0,11.0,70619.0,28.0,70632,2,70633.0,11.0,70634.0,28.0,70626.5,0.0
2,2800,GIFT_BASKET,70631,12,70629.0,22.0,,,70644,12,70645.0,22.0,,,70637.5,0.0
2,2900,GIFT_BASKET,70611,1,70610.0,16.0,70609.0,26.0,70622,1,70623.0,16.0,70624.0,26.0,70616.5,0.0
2,3000,GIFT_BASKET,70612,1,70611.0,11.0,70610.0,16.0,70617,6,70623.0,1.0,70624.0,11.0,70614.5,0.0
2,3100,GIFT_BASKET,70604,18,70603.0,15.0,,,70617,18,70618.0,15.0,,,70610.5,0.0
2,3200,GIFT_BASKET,70605,1,70604.0,12.0,70603.0,29.0,70616,1,70617.0,12.0,70618.0,29.0,70610.5,0.0
2,3300,GIFT_BASKET,70595,2,70594.0,12.0,70593.0,28.0,70606,2,70607.0,12.0,70608.0,28.0,70600.5,0.0
2,3400,GIFT_BASKET,70591,1,70590.0,19.0,70589.0,22.0,70602,1,70603.0,19.0,70604.0,22.0,70596.5,0.0
2,3500,GIFT_BASKET,70596,2,70595.0,14.0,70594.0,28.0,70607,2,70608.0,14.0,70609.0,28.0,70601.5,0.0
2,3600,GIFT_BASKET,70606,15,70605.0,23.0,,,70619,15,70620.0,23.0,,,70612.5,0.0
2,3700,GIFT_BASKET,70605,1,70604.0,16.0,70603.0,15.0,70616,1,70617.0,16.0,70618.0,15.0,70610.5,0.0
2,3800,GIFT_BASKET,70605,1,70604.0,11.0,70603.0,25.0,70616,1,70617.0,11.0,70618.0,25.0,70610.5,0.0
2,3900,GIFT_BASKET,70599,2,70598.0,11.0,70597.0,23.0,70610,2,70611.0,11.0,70612.0,23.0,70604.5,0.0
2,4000,GIFT_BASKET,70589,2,70588.0,16.0,70587.0,22.0,70600,2,70601.0,16.0,70602.0,22.0,70594.5,0.0
2,4100,GIFT_BASKET,70592,1,70591.0,11.0,70590.0,19.0,70603,1,70604.0,11.0,70605.0,19.0,70597.5,0.0
2,4200,GIFT_BASKET,70589,2,70588.0,20.0,70587.0,16.0,70600,2,70601.0,20.0,70602.0,16.0,70594.5,0.0
2,4300,GIFT_BASKET,70592,1,70591.0,18.0,70590.0,24.0,70603,1,70604.0,18.0,70605.0,24.0,70597.5,0.0
2,4400,GIFT_BASKET,70585,16,70584.0,30.0,,,70598,16,70599.0,30.0,,,70591.5,0.0
2,4500,GIFT_BASKET,70589,11,70588.0,18.0,,,70602,11,70603.0,18.0,,,70595.5,0.0
2,4600,GIFT_BASKET,70604,1,70603.0,12.0,70602.0,28.0,70615,1,70616.0,12.0,70617.0,28.0,70609.5,0.0
2,4700,GIFT_BASKET,70612,19,70611.0,22.0,,,70625,19,70626.0,22.0,,,70618.5,0.0
2,4800,GIFT_BASKET,70615,1,70614.0,17.0,70613.0,20.0,70626,1,70627.0,17.0,70628.0,20.0,70620.5,0.0
2,4900,GIFT_BASKET,70620,2,70619.0,15.0,70618.0,22.0,70631,2,70632.0,15.0,70633.0,22.0,70625.5,0.0
2,5000,GIFT_BASKET,70606,2,70605.0,16.0,70604.0,26.0,70617,2,70618.0,16.0,70619.0,26.0,70611.5,0.0
2,5100,GIFT_BASKET,70611,1,70609.0,13.0,70608.0,27.0,70621,1,70622.0,13.0,70624.0,27.0,70616.0,0.0
2,5200,GIFT_BASKET,70618,5,70613.0,1.0,70612.0,13.0,70624,1,70625.0,13.0,70626.0,24.0,70621.0,0.0
2,5300,GIFT_BASKET,70609,1,70608.0,11.0,70607.0,26.0,70620,1,70621.0,11.0,70622.0,26.0,70614.5,0.0
2,5400,GIFT_BASKET,70614,2,70613.0,13.0,70612.0,26.0,70625,2,70626.0,13.0,70627.0,26.0,70619.5,0.0
2,5500,GIFT_BASKET,70618,1,70617.0,18.0,70616.0,21.0,70629,1,70630.0,18.0,70631.0,21.0,70623.5,0.0
2,5600,GIFT_BASKET,70631,17,70630.0,21.0,,,70637,3,70644.0,17.0,70645.0,21.0,70634.0,0.0
2,5700,GIFT_BASKET,70636,18,70635.0,19.0,,,70648,1,70649.0,19.0,70650.0,19.0,70642.0,0.0
2,5800,GIFT_BASKET,70627,2,70626.0,15.0,70625.0,21.0,70638,2,70639.0,15.0,70640.0,21.0,70632.5,0.0
2,5900,GIFT_BASKET,70627,2,70622.0,2.0,70621.0,14.0,70633,2,70634.0,14.0,70635.0,26.0,70630.0,0.0
2,6000,GIFT_BASKET,70619,2,70617.0,18.0,70616.0,23.0,70629,2,70630.0,18.0,70632.0,23.0,70624.0,0.0
2,6100,GIFT_BASKET,70623,1,70622.0,13.0,70621.0,16.0,70634,1,70635.0,13.0,70636.0,16.0,70628.5,0.0
2,6200,GIFT_BASKET,70622,1,70621.0,14.0,70620.0,27.0,70633,1,70634.0,14.0,70635.0,27.0,70627.5,0.0
2,6300,GIFT_BASKET,70634,15,70633.0,30.0,,,70647,15,70648.0,30.0,,,70640.5,0.0
2,6400,GIFT_BASKET,70649,2,70648.0,18.0,70647.0,28.0,70660,2,70661.0,18.0,70662.0,28.0,70654.5,0.0
2,6500,GIFT_BASKET,70640,2,70639.0,13.0,70637.0,16.0,70650,2,70652.0,13.0,70653.0,16.0,70645.0,0.0
2,6600,GIFT_BASKET,70641,13,70640.0,28.0,,,70654,13,70655.0,28.0,,,70647.5,0.0
2,6700,GIFT_BASKET,70642,1,70641.0,13.0,70640.0,24.0,70653,1,70654.0,13.0,70655.0,24.0,70647.5,0.0
2,6800,GIFT_BASKET,70641,1,70640.0,15.0,70639.0,30.0,70652,1,70653.0,15.0,70654.0,30.0,70646.5,0.0
2,6900,GIFT_BASKET,70637,2,70636.0,14.0,70634.0,20.0,70647,2,70649.0,14.0,70650.0,20.0,70642.0,0.0
2,7000,GIFT_BASKET,70641,1,70640.0,16.0,70639.0,24.0,70652,1,70653.0,16.0,70654.0,24.0,70646.5,0.0
2,7100,GIFT_BASKET,70639,2,70638.0,18.0,70637.0,18.0,70650,2,70651.0,18.0,70652.0,18.0,70644.5,0.0
2,7200,GIFT_BASKET,70620,10,70619.0,17.0,,,70633,10,70634.0,17.0,,,70626.5,0.0
2,7300,GIFT_BASKET,70628,1,70617.0,1.0,70616.0,15.0,70629,15,70630.0,21.0,,,70628.5,0.0
2,7400,GIFT_BASKET,70619,2,70618.0,10.0,70617.0,25.0,70630,2,70631.0,10.0,70632.0,25.0,70624.5,0.0
2,7500,GIFT_BASKET,70608,11,70607.0,15.0,,,70621,11,70622.0,15.0,,,70614.5,0.0
2,7600,GIFT_BASKET,70622,1,70621.0,14.0,70620.0,24.0,70633,1,70634.0,14.0,70635.0,24.0,70627.5,0.0
2,7700,GIFT_BASKET,70622,12,70621.0,24.0,,,70635,12,70636.0,24.0,,,70628.5,0.0
2,7800,GIFT_BASKET,70612,11,70611.0,16.0,,,70625,11,70626.0,16.0,,,70618.5,0.0
2,7900,GIFT_BASKET,70600,1,70598.0,12.0,70597.0,19.0,70610,1,70611.0,12.0,70613.0,19.0,70605.0,0.0
2,8000,GIFT_BASKET,70586,17,70585.0,30.0,,,70599,17,70600.0,30.0,,,70592.5,0.0
2,8100,GIFT_BASKET,70590,1,70589.0,11.0,70588.0,15.0,70601,1,70602.0,11.0,70603.0,15.0,70595.5,0.0
2,8200,GIFT_BASKET,70584,14,70583.0,29.0,,,70597,14,70598.0,29.0,,,70590.5,0.0
2,8300,GIFT_BASKET,70574,1,70573.0,14.0,70572.0,30.0,70585,1,70586.0,14.0,70587.0,30.0,70579.5,0.0
2,8400,GIFT_BASKET,70588,1,70587.0,14.0,70586.0,18.0,70599,1,70600.0,14.0,70601.0,18.0,70593.5,0.0
2,8500,GIFT_BASKET,70590,11,70589.0,18.0,,,70603,11,70605.0,18.0,,,70596.5,0.0
2,8600,GIFT_BASKET,70590,1,70589.0,14.0,70588.0,19.0,70601,1,70602.0,14.0,70603.0,19.0,70595.5,0.0
2,8700,GIFT_BASKET,70604,7,70598.0,14.0,70597.0,26.0,70611,14,70612.0,26.0,,,70607.5,0.0
2,8800,GIFT_BASKET,70593,2,70592.0,14.0,70591.0,19.0,70604,2,70605.0,14.0,70606.0,19.0,70598.5,0.0
2,8900,GIFT_BASKET,70607,1,70596.0,2.0,70595.0,12.0,70608,12,70609.0,15.0,,,70607.5,0.0
2,9000,GIFT_BASKET,70609,1,70603.0,20.0,70602.0,28.0,70616,20,70617.0,28.0,,,70612.5,0.0
2,9100,GIFT_BASKET,70602,1,70601.0,13.0,70600.0,22.0,70613,1,70614.0,13.0,70615.0,22.0,70607.5,0.0
2,9200,GIFT_BASKET,70600,17,70599.0,29.0,,,70613,17,70614.0,29.0,,,70606.5,0.0
2,9300,GIFT_BASKET,70608,1,70603.0,2.0,70602.0,12.0,70613,2,70615.0,12.0,70616.0,30.0,70610.5,0.0
2,9400,GIFT_BASKET,70592,10,70591.0,26.0,,,70605,10,70606.0,26.0,,,70598.5,0.0
2,9500,GIFT_BASKET,70576,1,70575.0,13.0,70574.0,18.0,70587,1,70588.0,13.0,70589.0,18.0,70581.5,0.0
2,9600,GIFT_BASKET,70582,2,70581.0,10.0,70580.0,18.0,70593,2,70594.0,10.0,70595.0,18.0,70587.5,0.0
2,9700,GIFT_BASKET,70573,1,70572.0,19.0,70571.0,25.0,70584,1,70585.0,19.0,70586.0,25.0,70578.5,0.0
2,9800,GIFT_BASKET,70561,1,70560.0,10.0,70559.0,30.0,70572,1,70573.0,10.0,70574.0,30.0,70566.5,0.0
2,9900,GIFT_BASKET,70576,2,70575.0,20.0,70573.0,28.0,70586,2,70588.0,20.0,70589.0,28.0,70581.0,0.0
2,10000,GIFT_BASKET,70577,14,70576.0,29.0,,,70590,14,70592.0,29.0,,,70583.5,0.0
2,10100,GIFT_BASKET,70586,12,70585.0,26.0,,,70599,12,70600.0,26.0,,,70592.5,0.0
2,10200,GIFT_BASKET,70600,2,70599.0,20.0,70598.0,29.0,70611,2,70612.0,20.0,70613.0,29.0,70605.5,0.0
2,10300,GIFT_BASKET,70594,18,70593.0,27.0,,,70600,4,70607.0,18.0,70608.0,27.0,70597.0,0.0
2,10400,GIFT_BASKET,70589,18,70587.0,19.0,,,70602,18,70603.0,19.0,,,70595.5,0.0
2,10500,GIFT_BASKET,70586,20,70585.0,22.0,,,70599,20,70600.0,22.0,,,70592.5,0.0
2,10600,GIFT_BASKET,70580,1,70579.0,19.0,70578.0,16.0,70591,1,70592.0,19.0,70593.0,16.0,70585.5,0.0
2,10700,GIFT_BASKET,70575,1,70574.0,12.0,70572.0,27.0,70585,1,70587.0,12.0,70588.0,27.0,70580.0,0.0
2,10800,GIFT_BASKET,70578,2,70577.0,18.0,70576.0,28.0,70589,2,70590.0,18.0,70591.0,28.0,70583.5,0.0
2,10900,GIFT_BASKET,70581,2,70579.0,12.0,70578.0,25.0,70591,2,70592.0,12.0,70593.0,25.0,70586.0,0.0
2,11000,GIFT_BASKET,70576,1,70574.0,10.0,70573.0,27.0,70586,1,70587.0,10.0,70589.0,27.0,70581.0,0.0
2,11100,GIFT_BASKET,70577,2,70576.0,14.0,70575.0,24.0,70588,2,70589.0,14.0,70590.0,24.0,70582.5,0.0
2,11200,GIFT_BASKET,70578,1,70576.0,20.0,70575.0,18.0,70588,1,70589.0,20.0,70591.0,18.0,70583.0,0.0
2,11300,GIFT_BASKET,70574,13,70573.0,18.0,,,70587,13,70588.0,18.0,,,70580.5,0.0
2,11400,GIFT_BASKET,70574,12,70573.0,17.0,,,70587,12,70588.0,17.0,,,70580.5,0.0
2,11500,GIFT_BASKET,70558,16,70557.0,15.0,,,70571,16,70572.0,15.0,,,70564.5,0.0
2,11600,GIFT_BASKET,70570,1,70568.0,17.0,70567.0,23.0,70580,1,70581.0,17.0,70583.0,23.0,70575.0,0.0
2,11700,GIFT_BASKET,70579,1,70578.0,15.0,70577.0,17.0,70590,1,70591.0,15.0,70592.0,17.0,70584.5,0.0
2,11800,GIFT_BASKET,70584,2,70583.0,11.0,70582.0,22.0,70595,2,70596.0,11.0,70597.0,22.0,70589.5,0.0
2,11900,GIFT_BASKET,70574,1,70573.0,12.0,70572.0,17.0,70585,1,70586.0,12.0,70587.0,17.0,70579.5,0.0
2,12000,GIFT_BASKET,70578,2,70577.0,11.0,70576.0,28.0,70589,2,70590.0,11.0,70591.0,28.0,70583.5,0.0
2,12100,GIFT_BASKET,70558,11,70557.0,30.0,,,70571,11,70572.0,30.0,,,70564.5,0.0
2,12200,GIFT_BASKET,70553,1,70552.0,12.0,70551.0,21.0,70564,1,70565.0,12.0,70566.0,21.0,70558.5,0.0
2,12300,GIFT_BASKET,70542,1,70537.0,1.0,70536.0,11.0,70548,1,70549.0,11.0,70550.0,26.0,70545.0,0.0
2,12400,GIFT_BASKET,70543,1,70542.0,20.0,70541.0,16.0,70554,1,70555.0,20.0,70556.0,16.0,70548.5,0.0
2,12500,GIFT_BASKET,70549,2,70548.0,18.0,70547.0,29.0,70560,2,70561.0,18.0,70562.0,29.0,70554.5,0.0
2,12600,GIFT_BASKET,70552,2,70551.0,10.0,70550.0,20.0,70563,2,70564.0,10.0,70565.0,20.0,70557.5,0.0
2,12700,GIFT_BASKET,70551,1,70550.0,14.0,70549.0,18.0,70562,1,70563.0,14.0,70564.0,18.0,70556.5,0.0
2,12800,GIFT_BASKET,70551,4,70546.0,1.0,70545.0,19.0,70557,1,70558.0,19.0,70559.0,22.0,70554.0,0.0
2,12900,GIFT_BASKET,70563,6,70557.0,20.0,70556.0,15.0,70570,20,70571.0,15.0,,,70566.5,0.0
2,13000,GIFT_BASKET,70559,1,70558.0,18.0,70557.0,21.0,70564,8,70570.0,1.0,70571.0,18.0,70561.5,0.0
2,13100,GIFT_BASKET,70565,1,70564.0,14.0,70563.0,18.0,70576,1,70577.0,14.0,70578.0,18.0,70570.5,0.0
2,13200,GIFT_BASKET,70575,1,70574.0,17.0,70573.0,26.0,70586,1,70587.0,17.0,70588.0,26.0,70580.5,0.0
2,13300,GIFT_BASKET,70575,1,70574.0,20.0,70573.0,27.0,70586,1,70587.0,20.0,70588.0,27.0,70580.5,0.0
2,13400,GIFT_BASKET,70574,2,70573.0,18.0,70572.0,15.0,70585,2,70586.0,18.0,70587.0,15.0,70579.5,0.0
2,13500,GIFT_BASKET,70576,2,70575.0,19.0,70574.0,26.0,70587,2,70588.0,19.0,70589.0,26.0,70581.5,0.0
2,13600,GIFT_BASKET,70578,13,70577.0,22.0,,,70591,13,70592.0,22.0,,,70584.5,0.0
2,13700,GIFT_BASKET,70577,1,70576.0,20.0,70575.0,29.0,70588,1,70589.0,20.0,70590.0,29.0,70582.5,0.0
2,13800,GIFT_BASKET,70582,15,70580.0,29.0,,,70595,15,70596.0,29.0,,,70588.5,0.0
2,13900,GIFT_BASKET,70576,1,70575.0,20.0,70574.0,17.0,70587,1,70588.0,20.0,70589.0,17.0,70581.5,0.0
2,14000,GIFT_BASKET,70578,1,70577.0,15.0,70576.0,17.0,70589,1,70590.0,15.0,70591.0,17.0,70583.5,0.0
2,14100,GIFT_BASKET,70581,1,70580.0,13.0,70579.0,30.0,70592,1,70593.0,13.0,70594.0,30.0,70586.5,0.0
2,14200,GIFT_BASKET,70590,1,70588.0,15.0,70587.0,22.0,70600,1,70601.0,15.0,70603.0,22.0,70595.0,0.0
2,14300,GIFT_BASKET,70606,2,70605.0,12.0,70604.0,29.0,70617,2,70618.0,12.0,70619.0,29.0,70611.5,0.0
2,14400,GIFT_BASKET,70600,1,70599.0,18.0,70598.0,24.0,70611,1,70612.0,18.0,70613.0,24.0,70605.5,0.0
2,14500,GIFT_BASKET,70593,1,70592.0,14.0,70591.0,21.0,70604,1,70605.0,14.0,70606.0,21.0,70598.5,0.0
2,14600,GIFT_BASKET,70596,1,70594.0,12.0,70593.0,29.0,70606,1,70607.0,12.0,70609.0,29.0,70601.0,0.0
2,14700,GIFT_BASKET,70591,13,70590.0,20.0,,,70604,13,70605.0,20.0,,,70597.5,0.0
2,14800,GIFT_BASKET,70595,1,70594.0,15.0,70593.0,15.0,70606,1,70607.0,15.0,70608.0,15.0,70600.5,0.0
2,14900,GIFT_BASKET,70600,1,70599.0,20.0,70598.0,29.0,70611,1,70612.0,20.0,70613.0,29.0,70605.5,0.0
2,15000,GIFT_BASKET,70595,8,70589.0,17.0,70588.0,26.0,70602,17,70603.0,26.0,,,70598.5,0.0
2,15100,GIFT_BASKET,70596,16,70595.0,19.0,,,70609,16,70610.0,19.0,,,70602.5,0.0
2,15200,GIFT_BASKET,70604,14,70603.0,26.0,,,70610,3,70617.0,14.0,70618.0,26.0,70607.0,0.0
2,15300,GIFT_BASKET,70617,2,70616.0,17.0,70614.0,24.0,70627,2,70628.0,17.0,70630.0,24.0,70622.0,0.0
2,15400,GIFT_BASKET,70625,1,70624.0,19.0,70623.0,25.0,70636,1,70637.0,19.0,70638.0,25.0,70630.5,0.0
2,15500,GIFT_BASKET,70632,2,70631.0,15.0,70630.0,29.0,70643,2,70644.0,15.0,70645.0,29.0,70637.5,0.0
2,15600,GIFT_BASKET,70626,2,70625.0,18.0,70624.0,24.0,70637,2,70638.0,18.0,70639.0,24.0,70631.5,0.0
2,15700,GIFT_BASKET,70637,1,70636.0,10.0,70635.0,19.0,70648,1,70649.0,10.0,70650.0,19.0,70642.5,0.0
2,15800,GIFT_BASKET,70623,2,70622.0,18.0,70621.0,18.0,70634,2,70635.0,18.0,70636.0,18.0,70628.5,0.0
2,15900,GIFT_BASKET,70616,1,70615.0,12.0,70614.0,22.0,70627,1,70628.0,12.0,70629.0,22.0,70621.5,0.0
2,16000,GIFT_BASKET,70618,16,70617.0,16.0,,,70631,16,70633.0,16.0,,,70624.5,0.0
2,16100,GIFT_BASKET,70619,2,70618.0,11.0,70617.0,26.0,70630,2,70631.0,11.0,70632.0,26.0,70624.5,0.0
2,16200,GIFT_BASKET,70623,2,70622.0,10.0,70621.0,25.0,70628,1,70634.0,2.0,70635.0,10.0,70625.5,0.0
2,16300,GIFT_BASKET,70630,2,70629.0,19.0,70627.0,18.0,70640,2,70642.0,19.0,70643.0,18.0,70635.0,0.0
2,16400,GIFT_BASKET,70621,1,70620.0,19.0,70619.0,15.0,70632,1,70633.0,19.0,70634.0,15.0,70626.5,0.0
2,16500,GIFT_BASKET,70622,1,70621.0,15.0,70620.0,29.0,70633,1,70634.0,15.0,70635.0,29.0,70627.5,0.0
2,16600,GIFT_BASKET,70614,4,70610.0,2.0,70608.0,10.0,70620,2,70621.0,10.0,70623.0,23.0,70617.0,0.0
2,16700,GIFT_BASKET,70595,2,70594.0,13.0,70593.0,24.0,70606,2,70607.0,13.0,70608.0,24.0,70600.5,0.0
2,16800,GIFT_BASKET,70588,2,70587.0,11.0,70586.0,17.0,70599,2,70600.0,11.0,70601.0,17.0,70593.5,0.0
2,16900,GIFT_BASKET,70574,19,70573.0,19.0,,,70587,19,70588.0,19.0,,,70580.5,0.0
2,17000,GIFT_BASKET,70583,1,70582.0,13.0,70581.0,26.0,70594,1,70595.0,13.0,70596.0,26.0,70588.5,0.0
2,17100,GIFT_BASKET,70584,2,70583.0,19.0,70582.0,27.0,70595,2,70596.0,19.0,70597.0,27.0,70589.5,0.0
2,17200,GIFT_BASKET,70574,2,70573.0,19.0,70572.0,30.0,70585,2,70586.0,19.0,70587.0,30.0,70579.5,0.0
2,17300,GIFT_BASKET,70584,4,70578.0,13.0,70577.0,15.0,70591,13,70593.0,15.0,,,70587.5,0.0
2,17400,GIFT_BASKET,70584,11,70583.0,24.0,,,70597,11,70598.0,24.0,,,70590.5,0.0
2,17500,GIFT_BASKET,70586,1,70585.0,15.0,70584.0,27.0,70597,1,70598.0,15.0,70599.0,27.0,70591.5,0.0
2,17600,GIFT_BASKET,70573,1,70572.0,15.0,70570.0,23.0,70583,1,70585.0,15.0,70586.0,23.0,70578.0,0.0
2,17700,GIFT_BASKET,70587,2,70586.0,14.0,70585.0,17.0,70598,2,70599.0,14.0,70600.0,17.0,70592.5,0.0
2,17800,GIFT_BASKET,70589,13,70588.0,26.0,,,70602,13,70603.0,26.0,,,70595.5,0.0
2,17900,GIFT_BASKET,70591,18,70590.0,23.0,,,70604,18,70605.0,23.0,,,70597.5,0.0
2,18000,GIFT_BASKET,70601,2,70600.0,10.0,70599.0,19.0,70612,2,70613.0,10.0,70614.0,19.0,70606.5,0.0
2,18100,GIFT_BASKET,70598,1,70597.0,20.0,70596.0,15.0,70609,1,70610.0,20.0,70611.0,15.0,70603.5,0.0
2,18200,GIFT_BASKET,70617,1,70611.0,15.0,70610.0,24.0,70624,15,70625.0,24.0,,,70620.5,0.0
2,18300,GIFT_BASKET,70614,2,70612.0,20.0,70611.0,23.0,70624,2,70625.0,20.0,70627.0,23.0,70619.0,0.0
2,18400,GIFT_BASKET,70618,19,70617.0,19.0,,,70631,19,70632.0,19.0,,,70624.5,0.0
2,18500,GIFT_BASKET,70623,1,70622.0,14.0,70621.0,20.0,70634,1,70635.0,14.0,70636.0,20.0,70628.5,0.0
2,18600,GIFT_BASKET,70635,2,70633.0,18.0,70632.0,16.0,70645,2,70646.0,18.0,70648.0,16.0,70640.0,0.0
2,18700,GIFT_BASKET,70625,11,70624.0,24.0,,,70638,11,70639.0,24.0,,,70631.5,0.0
2,18800,GIFT_BASKET,70622,2,70621.0,15.0,70620.0,29.0,70633,2,70634.0,15.0,70635.0,29.0,70627.5,0.0
2,18900,GIFT_BASKET,70628,1,70626.0,18.0,70625.0,24.0,70638,1,70639.0,18.0,70641.0,24.0,70633.0,0.0
2,19000,GIFT_BASKET,70636,1,70635.0,18.0,70634.0,27.0,70647,1,70648.0,18.0,70649.0,27.0,70641.5,0.0
2,19100,GIFT_BASKET,70635,1,70634.0,17.0,70633.0,23.0,70646,1,70647.0,17.0,70648.0,23.0,70640.5,0.0
2,19200,GIFT_BASKET,70636,1,70635.0,16.0,70634.0,24.0,70647,1,70648.0,16.0,70649.0,24.0,70641.5,0.0
2,19300,GIFT_BASKET,70634,2,70633.0,20.0,70632.0,17.0,70645,2,70646.0,20.0,70647.0,17.0,70639.5,0.0
2,19400,GIFT_BASKET,70641,20,70640.0,18.0,,,70654,20,70655.0,18.0,,,70647.5,0.0
2,19500,GIFT_BASKET,70638,1,70637.0,14.0,70636.0,18.0,70649,1,70650.0,14.0,70651.0,18.0,70643.5,0.0
2,19600,GIFT_BASKET,70635,2,70634.0,17.0,70633.0,19.0,70646,2,70647.0,17.0,70648.0,19.0,70640.5,0.0
2,19700,GIFT_BASKET,70626,2,70625.0,17.0,70623.0,25.0,70636,2,70638.0,17.0,70639.0,25.0,70631.0,0.0
2,19800,GIFT_BASKET,70628,16,70627.0,29.0,,,70641,16,70642.0,29.0,,,70634.5,0.0
2,19900,GIFT_BASKET,70625,2,70624.0,18.0,70623.0,28.0,70636,2,70637.0,18.0,70638.0,28.0,70630.5,0.0
2,20000,GIFT_BASKET,70627,2,70626.0,16.0,70625.0,27.0,70638,2,70639.0,16.0,70640.0,27.0,70632.5,0.0
2,20100,GIFT_BASKET,70630,2,70629.0,11.0,70628.0,16.0,70641,2,70642.0,11.0,70643.0,16.0,70635.5,0.0
2,20200,GIFT_BASKET,70626,10,70625.0,28.0,,,70639,10,70640.0,28.0,,,70632.5,0.0
2,20300,GIFT_BASKET,70636,1,70635.0,18.0,70634.0,16.0,70647,1,70648.0,18.0,70649.0,16.0,70641.5,0.0
2,20400,GIFT_BASKET,70620,19,70619.0,29.0,,,70633,19,70634.0,29.0,,,70626.5,0.0
2,20500,GIFT_BASKET,70602,20,70601.0,20.0,,,70615,20,70616.0,20.0,,,70608.5,0.0
2,20600,GIFT_BASKET,70592,1,70591.0,17.0,70590.0,27.0,70603,1,70604.0,17.0,70605.0,27.0,70597.5,0.0
2,20700,GIFT_BASKET,70598,1,70597.0,13.0,70596.0,24.0,70609,1,70610.0,13.0,70611.0,24.0,70603.5,0.0
2,20800,GIFT_BASKET,70601,1,70600.0,18.0,70599.0,25.0,70606,5,70612.0,1.0,70613.0,18.0,70603.5,0.0
2,20900,GIFT_BASKET,70592,1,70591.0,19.0,70590.0,30.0,70603,1,70604.0,19.0,70605.0,30.0,70597.5,0.0
2,21000,GIFT_BASKET,70590,2,70589.0,13.0,70588.0,16.0,70601,2,70602.0,13.0,70603.0,16.0,70595.5,0.0
2,21100,GIFT_BASKET,70575,1,70574.0,20.0,70573.0,15.0,70586,1,70587.0,20.0,70588.0,15.0,70580.5,0.0
2,21200,GIFT_BASKET,70572,1,70571.0,18.0,70570.0,25.0,70583,1,70584.0,18.0,70585.0,25.0,70577.5,0.0
2,21300,GIFT_BASKET,70572,17,70571.0,15.0,,,70585,17,70586.0,15.0,,,70578.5,0.0
2,21400,GIFT_BASKET,70566,2,70565.0,20.0,70564.0,23.0,70577,2,70578.0,20.0,70579.0,23.0,70571.5,0.0
2,21500,GIFT_BASKET,70573,1,70567.0,20.0,70566.0,21.0,70580,20,70581.0,21.0,,,70576.5,0.0
2,21600,GIFT_BASKET,70554,1,70553.0,14.0,70552.0,17.0,70565,1,70566.0,14.0,70567.0,17.0,70559.5,0.0
2,21700,GIFT_BASKET,70561,18,70560.0,28.0,,,70574,18,70575.0,28.0,,,70567.5,0.0
2,21800,GIFT_BASKET,70553,2,70552.0,16.0,70551.0,17.0,70564,2,70565.0,16.0,70566.0,17.0,70558.5,0.0
2,21900,GIFT_BASKET,70542,1,70541.0,17.0,70540.0,17.0,70553,1,70554.0,17.0,70555.0,17.0,70547.5,0.0
2,22000,GIFT_BASKET,70538,2,70537.0,13.0,70536.0,23.0,70549,2,70550.0,13.0,70551.0,23.0,70543.5,0.0
2,22100,GIFT_BASKET,70545,1,70544.0,14.0,70543.0,22.0,70556,1,70557.0,14.0,70558.0,22.0,70550.5,0.0
2,22200,GIFT_BASKET,70549,1,70548.0,11.0,70547.0,24.0,70560,1,70561.0,11.0,70562.0,24.0,70554.5,0.0
2,22300,GIFT_BASKET,70548,10,70547.0,28.0,,,70561,10,70562.0,28.0,,,70554.5,0.0
2,22400,GIFT_BASKET,70543,13,70542.0,22.0,,,70556,13,70557.0,22.0,,,70549.5,0.0
2,22500,GIFT_BASKET,70544,12,70543.0,30.0,,,70557,12,70558.0,30.0,,,70550.5,0.0
2,22600,GIFT_BASKET,70528,15,70527.0,22.0,,,70541,15,70542.0,22.0,,,70534.5,0.0
2,22700,GIFT_BASKET,70520,15,70519.0,28.0,,,70533,15,70534.0,28.0,,,70526.5,0.0
2,22800,GIFT_BASKET,70520,2,70519.0,17.0,70518.0,30.0,70531,2,70532.0,17.0,70533.0,30.0,70525.5,0.0
2,22900,GIFT_BASKET,70509,2,70508.0,14.0,70507.0,23.0,70520,2,70521.0,14.0,70522.0,23.0,70514.5,0.0
2,23000,GIFT_BASKET,70512,1,70511.0,16.0,70510.0,24.0,70523,1,70524.0,16.0,70525.0,24.0,70517.5,0.0
2,23100,GIFT_BASKET,70529,18,70528.0,30.0,,,70542,18,70543.0,30.0,,,70535.5,0.0
2,23200,GIFT_BASKET,70537,2,70536.0,20.0,70535.0,30.0,70547,2,70549.0,20.0,70550.0,30.0,70542.0,0.0
2,23300,GIFT_BASKET,70535,2,70534.0,14.0,70533.0,28.0,70546,2,70547.0,14.0,70548.0,28.0,70540.5,0.0
2,23400,GIFT_BASKET,70537,2,70536.0,13.0,70535.0,30.0,70548,2,70549.0,13.0,70550.0,30.0,70542.5,0.0
2,23500,GIFT_BASKET,70531,1,70530.0,14.0,70529.0,25.0,70542,1,70543.0,14.0,70544.0,25.0,70536.5,0.0
2,23600,GIFT_BASKET,70530,1,70529.0,19.0,70528.0,21.0,70541,1,70542.0,19.0,70543.0,21.0,70535.5,0.0
2,23700,GIFT_BASKET,70529,2,70527.0,12.0,70526.0,20.0,70539,2,70540.0,12.0,70541.0,20.0,70534.0,0.0
2,23800,GIFT_BASKET,70528,1,70527.0,16.0,70526.0,20.0,70539,1,70540.0,16.0,70541.0,20.0,70533.5,0.0
2,23900,GIFT_BASKET,70527,11,70526.0,15.0,,,70539,2,70540.0,15.0,70541.0,15.0,70533.0,0.0
2,24000,GIFT_BASKET,70529,1,70524.0,1.0,70523.0,14.0,70534,1,70535.0,14.0,70537.0,21.0,70531.5,0.0
2,24100,GIFT_BASKET,70518,19,70517.0,20.0,,,70531,19,70532.0,20.0,,,70524.5,0.0
2,24200,GIFT_BASKET,70516,2,70515.0,14.0,70514.0,22.0,70527,2,70528.0,14.0,70529.0,22.0,70521.5,0.0
2,24300,GIFT_BASKET,70520,2,70519.0,11.0,70518.0,21.0,70531,2,70532.0,11.0,70533.0,21.0,70525.5,0.0
2,24400,GIFT_BASKET,70515,2,70514.0,14.0,70513.0,26.0,70526,2,70527.0,14.0,70528.0,26.0,70520.5,0.0
2,24500,GIFT_BASKET,70517,20,70516.0,21.0,,,70530,20,70531.0,21.0,,,70523.5,0.0
2,24600,GIFT_BASKET,70522,2,70520.0,16.0,70519.0,16.0,70532,2,70533.0,16.0,70535.0,16.0,70527.0,0.0
2,24700,GIFT_BASKET,70517,15,70516.0,21.0,,,70530,15,70531.0,21.0,,,70523.5,0.0
2,24800,GIFT_BASKET,70516,1,70515.0,15.0,70514.0,27.0,70527,1,70528.0,15.0,70529.0,27.0,70521.5,0.0
2,24900,GIFT_BASKET,70514,5,70510.0,2.0,70508.0,19.0,70520,2,70521.0,19.0,70523.0,22.0,70517.0,0.0
2,25000,GIFT_BASKET,70510,2,70509.0,14.0,70508.0,20.0,70521,2,70522.0,14.0,70523.0,20.0,70515.5,0.0
2,25100,GIFT_BASKET,70511,1,70510.0,10.0,70509.0,19.0,70522,1,70523.0,10.0,70524.0,19.0,70516.5,0.0
2,25200,GIFT_BASKET,70522,2,70521.0,18.0,70520.0,15.0,70533,2,70534.0,18.0,70535.0,15.0,70527.5,0.0
2,25300,GIFT_BASKET,70528,16,70527.0,19.0,,,70541,16,70542.0,19.0,,,70534.5,0.0
2,25400,GIFT_BASKET,70528,2,70527.0,20.0,70526.0,16.0,70539,2,70540.0,20.0,70541.0,16.0,70533.5,0.0
2,25500,GIFT_BASKET,70533,1,70532.0,16.0,70530.0,29.0,70543,1,70545.0,16.0,70546.0,29.0,70538.0,0.0
2,25600,GIFT_BASKET,70524,1,70523.0,10.0,70522.0,18.0,70529,8,70535.0,1.0,70536.0,10.0,70526.5,0.0
2,25700,GIFT_BASKET,70530,1,70529.0,19.0,70527.0,23.0,70540,1,70542.0,19.0,70543.0,23.0,70535.0,0.0
2,25800,GIFT_BASKET,70539,12,70538.0,16.0,,,70552,12,70553.0,16.0,,,70545.5,0.0
2,25900,GIFT_BASKET,70545,2,70539.0,14.0,70538.0,23.0,70552,14,70553.0,23.0,,,70548.5,0.0
2,26000,GIFT_BASKET,70550,1,70549.0,16.0,70548.0,24.0,70561,1,70562.0,16.0,70563.0,24.0,70555.5,0.0
2,26100,GIFT_BASKET,70558,1,70557.0,18.0,70556.0,30.0,70569,1,70570.0,18.0,70571.0,30.0,70563.5,0.0
2,26200,GIFT_BASKET,70554,2,70553.0,15.0,70552.0,16.0,70565,2,70566.0,15.0,70567.0,16.0,70559.5,0.0
2,26300,GIFT_BASKET,70548,1,70547.0,10.0,70546.0,23.0,70553,2,70559.0,1.0,70560.0,10.0,70550.5,0.0
2,26400,GIFT_BASKET,70540,11,70539.0,17.0,,,70552,1,70553.0,17.0,70554.0,17.0,70546.0,0.0
2,26500,GIFT_BASKET,70533,2,70532.0,20.0,70531.0,15.0,70544,2,70545.0,20.0,70546.0,15.0,70538.5,0.0
2,26600,GIFT_BASKET,70548,1,70547.0,16.0,70546.0,21.0,70559,1,70560.0,16.0,70561.0,21.0,70553.5,0.0
2,26700,GIFT_BASKET,70524,14,70523.0,28.0,,,70537,14,70538.0,28.0,,,70530.5,0.0
2,26800,GIFT_BASKET,70521,2,70520.0,19.0,70519.0,30.0,70532,2,70533.0,19.0,70534.0,30.0,70526.5,0.0
2,26900,GIFT_BASKET,70535,12,70534.0,24.0,,,70541,2,70548.0,12.0,70549.0,24.0,70538.0,0.0
2,27000,GIFT_BASKET,70545,1,70544.0,11.0,70543.0,29.0,70556,1,70557.0,11.0,70558.0,29.0,70550.5,0.0
2,27100,GIFT_BASKET,70542,1,70540.0,19.0,70539.0,21.0,70552,1,70553.0,19.0,70555.0,21.0,70547.0,0.0
2,27200,GIFT_BASKET,70546,2,70545.0,14.0,70544.0,19.0,70557,2,70558.0,14.0,70559.0,19.0,70551.5,0.0
2,27300,GIFT_BASKET,70544,17,70543.0,27.0,,,70557,17,70558.0,27.0,,,70550.5,0.0
2,27400,GIFT_BASKET,70549,11,70548.0,21.0,,,70562,11,70563.0,21.0,,,70555.5,0.0
2,27500,GIFT_BASKET,70543,10,70542.0,16.0,,,70556,10,70557.0,16.0,,,70549.5,0.0
2,27600,GIFT_BASKET,70538,15,70537.0,15.0,,,70551,15,70552.0,15.0,,,70544.5,0.0
2,27700,GIFT_BASKET,70541,2,70540.0,20.0,70539.0,24.0,70552,2,70553.0,20.0,70554.0,24.0,70546.5,0.0
2,27800,GIFT_BASKET,70534,19,70533.0,26.0,,,70547,19,70548.0,26.0,,,70540.5,0.0
2,27900,GIFT_BASKET,70538,18,70537.0,16.0,,,70551,18,70552.0,16.0,,,70544.5,0.0
2,28000,GIFT_BASKET,70557,2,70556.0,18.0,70555.0,25.0,70568,2,70569.0,18.0,70570.0,25.0,70562.5,0.0
2,28100,GIFT_BASKET,70552,8,70547.0,1.0,70546.0,12.0,70558,1,70559.0,12.0,70560.0,27.0,70555.0,0.0
2,28200,GIFT_BASKET,70554,1,70553.0,17.0,70552.0,18.0,70565,1,70566.0,17.0,70567.0,18.0,70559.5,0.0
2,28300,GIFT_BASKET,70550,15,70549.0,19.0,,,70563,15,70564.0,19.0,,,70556.5,0.0
2,28400,GIFT_BASKET,70565,1,70564.0,14.0,70563.0,27.0,70576,1,70577.0,14.0,70578.0,27.0,70570.5,0.0
2,28500,GIFT_BASKET,70557,1,70556.0,13.0,70555.0,25.0,70568,1,70569.0,13.0,70570.0,25.0,70562.5,0.0
2,28600,GIFT_BASKET,70561,14,70560.0,28.0,,,70574,14,70575.0,28.0,,,70567.5,0.0
2,28700,GIFT_BASKET,70567,1,70566.0,14.0,70565.0,19.0,70578,1,70579.0,14.0,70580.0,19.0,70572.5,0.0
2,28800,GIFT_BASKET,70565,18,70564.0,20.0,,,70578,18,70579.0,20.0,,,70571.5,0.0
2,28900,GIFT_BASKET,70559,1,70558.0,12.0,70557.0,21.0,70570,1,70571.0,12.0,70572.0,21.0,70564.5,0.0
2,29000,GIFT_BASKET,70559,14,70558.0,22.0,,,70572,14,70573.0,22.0,,,70565.5,0.0
2,29100,GIFT_BASKET,70559,11,70558.0,28.0,,,70572,11,70573.0,28.0,,,70565.5,0.0
2,29200,GIFT_BASKET,70552,17,70551.0,25.0,,,70565,17,70566.0,25.0,,,70558.5,0.0
2,29300,GIFT_BASKET,70558,2,70557.0,12.0,70556.0,24.0,70569,2,70570.0,12.0,70571.0,24.0,70563.5,0.0
2,29400,GIFT_BASKET,70565,1,70564.0,12.0,70563.0,30.0,70576,1,70577.0,12.0,70578.0,30.0,70570.5,0.0
2,29500,GIFT_BASKET,70562,11,70561.0,30.0,,,70575,11,70576.0,30.0,,,70568.5,0.0
2,29600,GIFT_BASKET,70567,16,70565.0,28.0,,,70580,16,70581.0,28.0,,,70573.5,0.0
2,29700,GIFT_BASKET,70577,2,70576.0,13.0,70575.0,16.0,70588,2,70589.0,13.0,70590.0,16.0,70582.5,0.0
2,29800,GIFT_BASKET,70568,1,70567.0,11.0,70566.0,28.0,70579,1,70580.0,11.0,70581.0,28.0,70573.5,0.0
2,29900,GIFT_BASKET,70565,18,70564.0,19.0,,,70578,18,70579.0,19.0,,,70571.5,0.0
2,30000,GIFT_BASKET,70575,12,70574.0,16.0,,,70588,12,70589.0,16.0,,,70581.5,0.0
2,30100,GIFT_BASKET,70593,16,70592.0,25.0,,,70606,16,70607.0,25.0,,,70599.5,0.0
2,30200,GIFT_BASKET,70604,2,70603.0,17.0,70601.0,30.0,70609,4,70614.0,2.0,70616.0,17.0,70606.5,0.0
2,30300,GIFT_BASKET,70608,10,70607.0,20.0,,,70621,10,70622.0,20.0,,,70614.5,0.0
2,30400,GIFT_BASKET,70624,2,70623.0,12.0,70622.0,28.0,70635,2,70636.0,12.0,70637.0,28.0,70629.5,0.0
2,30500,GIFT_BASKET,70613,1,70612.0,14.0,70611.0,26.0,70618,1,70624.0,1.0,70625.0,14.0,70615.5,0.0
2,30600,GIFT_BASKET,70610,1,70609.0,19.0,70608.0,20.0,70621,1,70622.0,19.0,70623.0,20.0,70615.5,0.0
2,30700,GIFT_BASKET,70600,12,70599.0,24.0,,,70613,12,70615.0,24.0,,,70606.5,0.0
2,30800,GIFT_BASKET,70602,2,70601.0,15.0,70600.0,30.0,70613,2,70614.0,15.0,70615.0,30.0,70607.5,0.0
2,30900,GIFT_BASKET,70596,1,70595.0,10.0,70594.0,18.0,70607,1,70608.0,10.0,70609.0,18.0,70601.5,0.0
2,31000,GIFT_BASKET,70597,1,70596.0,11.0,70595.0,30.0,70608,1,70609.0,11.0,70610.0,30.0,70602.5,0.0
2,31100,GIFT_BASKET,70604,2,70603.0,16.0,70602.0,29.0,70615,2,70616.0,16.0,70617.0,29.0,70609.5,0.0
2,31200,GIFT_BASKET,70599,11,70598.0,19.0,,,70612,11,70613.0,19.0,,,70605.5,0.0
2,31300,GIFT_BASKET,70598,13,70597.0,19.0,,,70611,13,70612.0,19.0,,,70604.5,0.0
2,31400,GIFT_BASKET,70597,1,70596.0,16.0,70595.0,19.0,70608,1,70609.0,16.0,70610.0,19.0,70602.5,0.0
2,31500,GIFT_BASKET,70585,1,70584.0,12.0,70583.0,27.0,70596,1,70597.0,12.0,70598.0,27.0,70590.5,0.0
2,31600,GIFT_BASKET,70575,10,70574.0,21.0,,,70588,10,70590.0,21.0,,,70581.5,0.0
2,31700,GIFT_BASKET,70589,17,70588.0,30.0,,,70602,17,70603.0,30.0,,,70595.5,0.0
2,31800,GIFT_BASKET,70573,1,70572.0,16.0,70571.0,20.0,70584,1,70585.0,16.0,70586.0,20.0,70578.5,0.0
2,31900,GIFT_BASKET,70570,20,70569.0,21.0,,,70583,20,70584.0,21.0,,,70576.5,0.0
2,32000,GIFT_BASKET,70570,2,70569.0,18.0,70568.0,20.0,70581,2,70582.0,18.0,70583.0,20.0,70575.5,0.0
2,32100,GIFT_BASKET,70584,15,70583.0,16.0,,,70597,15,70598.0,16.0,,,70590.5,0.0
2,32200,GIFT_BASKET,70584,2,70583.0,17.0,70582.0,17.0,70595,2,70596.0,17.0,70597.0,17.0,70589.5,0.0
2,32300,GIFT_BASKET,70579,2,70577.0,19.0,70576.0,18.0,70589,2,70590.0,19.0,70592.0,18.0,70584.0,0.0
2,32400,GIFT_BASKET,70563,1,70562.0,17.0,70561.0,25.0,70574,1,70575.0,17.0,70576.0,25.0,70568.5,0.0
2,32500,GIFT_BASKET,70563,2,70562.0,10.0,70561.0,27.0,70574,2,70575.0,10.0,70576.0,27.0,70568.5,0.0
2,32600,GIFT_BASKET,70571,20,70570.0,26.0,,,70584,20,70585.0,26.0,,,70577.5,0.0
2,32700,GIFT_BASKET,70580,3,70569.0,1.0,70568.0,17.0,70581,17,70582.0,27.0,,,70580.5,0.0
2,32800,GIFT_BASKET,70564,19,70563.0,23.0,,,70577,19,70578.0,23.0,,,70570.5,0.0
2,32900,GIFT_BASKET,70575,13,70574.0,24.0,,,70588,13,70589.0,24.0,,,70581.5,0.0
2,33000,GIFT_BASKET,70572,11,70571.0,25.0,,,70585,11,70586.0,25.0,,,70578.5,0.0
2,33100,GIFT_BASKET,70574,13,70573.0,22.0,,,70587,13,70588.0,22.0,,,70580.5,0.0
2,33200,GIFT_BASKET,70583,11,70582.0,19.0,,,70596,11,70597.0,19.0,,,70589.5,0.0
2,33300,GIFT_BASKET,70579,13,70578.0,28.0,,,70592,13,70593.0,28.0,,,70585.5,0.0
2,33400,GIFT_BASKET,70573,1,70572.0,12.0,70571.0,15.0,70584,1,70585.0,12.0,70586.0,15.0,70578.5,0.0
2,33500,GIFT_BASKET,70585,1,70584.0,17.0,70583.0,19.0,70596,1,70597.0,17.0,70598.0,19.0,70590.5,0.0
2,33600,GIFT_BASKET,70589,2,70588.0,19.0,70587.0,22.0,70600,2,70601.0,19.0,70602.0,22.0,70594.5,0.0
2,33700,GIFT_BASKET,70584,2,70583.0,17.0,70582.0,26.0,70595,2,70596.0,17.0,70597.0,26.0,70589.5,0.0
2,33800,GIFT_BASKET,70583,1,70582.0,11.0,70580.0,28.0,70593,1,70595.0,11.0,70596.0,28.0,70588.0,0.0
2,33900,GIFT_BASKET,70579,19,70578.0,21.0,,,70592,19,70593.0,21.0,,,70585.5,0.0
2,34000,GIFT_BASKET,70574,2,70573.0,17.0,70572.0,17.0,70585,2,70586.0,17.0,70587.0,17.0,70579.5,0.0
2,34100,GIFT_BASKET,70568,15,70567.0,25.0,,,70581,15,70582.0,25.0,,,70574.5,0.0
2,34200,GIFT_BASKET,70560,1,70559.0,18.0,70558.0,20.0,70571,1,70572.0,18.0,70573.0,20.0,70565.5,0.0
2,34300,GIFT_BASKET,70573,10,70572.0,21.0,,,70586,10,70587.0,21.0,,,70579.5,0.0
2,34400,GIFT_BASKET,70585,1,70584.0,13.0,70583.0,17.0,70596,1,70597.0,13.0,70598.0,17.0,70590.5,0.0
2,34500,GIFT_BASKET,70610,8,70598.0,19.0,70597.0,22.0,70611,19,70612.0,22.0,,,70610.5,0.0
2,34600,GIFT_BASKET,70594,2,70589.0,2.0,70588.0,18.0,70600,2,70601.0,18.0,70602.0,30.0,70597.0,0.0
2,34700,GIFT_BASKET,70592,20,70591.0,18.0,,,70605,20,70606.0,18.0,,,70598.5,0.0
2,34800,GIFT_BASKET,70591,10,70590.0,19.0,,,70604,10,70605.0,19.0,,,70597.5,0.0
2,34900,GIFT_BASKET,70588,14,70587.0,26.0,,,70601,14,70602.0,26.0,,,70594.5,0.0
2,35000,GIFT_BASKET,70577,10,70576.0,15.0,,,70590,10,70591.0,15.0,,,70583.5,0.0
2,35100,GIFT_BASKET,70578,16,70577.0,27.0,,,70591,16,70592.0,27.0,,,70584.5,0.0
2,35200,GIFT_BASKET,70583,1,70582.0,11.0,70581.0,26.0,70594,1,70595.0,11.0,70596.0,26.0,70588.5,0.0
2,35300,GIFT_BASKET,70597,1,70596.0,20.0,70595.0,15.0,70608,1,70609.0,20.0,70610.0,15.0,70602.5,0.0
2,35400,GIFT_BASKET,70597,6,70591.0,11.0,70590.0,24.0,70604,11,70605.0,24.0,,,70600.5,0.0
2,35500,GIFT_BASKET,70598,1,70596.0,13.0,70595.0,17.0,70608,1,70609.0,13.0,70611.0,17.0,70603.0,0.0
2,35600,GIFT_BASKET,70579,14,70578.0,16.0,,,70592,14,70593.0,16.0,,,70585.5,0.0
2,35700,GIFT_BASKET,70569,17,70568.0,16.0,,,70582,17,70583.0,16.0,,,70575.5,0.0
2,35800,GIFT_BASKET,70574,19,70573.0,27.0,,,70587,19,70588.0,27.0,,,70580.5,0.0
2,35900,GIFT_BASKET,70579,11,70578.0,23.0,,,70592,11,70593.0,23.0,,,70585.5,0.0
2,36000,GIFT_BASKET,70567,13,70566.0,26.0,,,70580,13,70581.0,26.0,,,70573.5,0.0
2,36100,GIFT_BASKET,70576,1,70575.0,15.0,70574.0,16.0,70581,5,70587.0,1.0,70588.0,15.0,70578.5,0.0
2,36200,GIFT_BASKET,70593,1,70592.0,17.0,70591.0,20.0,70604,1,70605.0,17.0,70606.0,20.0,70598.5,0.0
2,36300,GIFT_BASKET,70583,1,70582.0,11.0,70581.0,28.0,70588,2,70594.0,1.0,70595.0,11.0,70585.5,0.0
2,36400,GIFT_BASKET,70603,2,70598.0,1.0,70597.0,13.0,70609,1,70610.0,13.0,70611.0,15.0,70606.0,0.0
2,36500,GIFT_BASKET,70598,1,70597.0,20.0,70596.0,28.0,70609,1,70610.0,20.0,70611.0,28.0,70603.5,0.0
2,36600,GIFT_BASKET,70598,1,70597.0,17.0,70596.0,23.0,70609,1,70610.0,17.0,70611.0,23.0,70603.5,0.0
2,36700,GIFT_BASKET,70587,13,70586.0,27.0,,,70600,13,70601.0,27.0,,,70593.5,0.0
2,36800,GIFT_BASKET,70586,2,70585.0,12.0,70584.0,26.0,70597,2,70598.0,12.0,70599.0,26.0,70591.5,0.0
2,36900,GIFT_BASKET,70581,2,70580.0,17.0,70579.0,19.0,70592,2,70593.0,17.0,70594.0,19.0,70586.5,0.0
2,37000,GIFT_BASKET,70565,19,70564.0,20.0,,,70578,19,70579.0,20.0,,,70571.5,0.0
2,37100,GIFT_BASKET,70558,2,70557.0,14.0,70556.0,16.0,70569,2,70570.0,14.0,70571.0,16.0,70563.5,0.0
2,37200,GIFT_BASKET,70566,12,70565.0,30.0,,,70579,12,70580.0,30.0,,,70572.5,0.0
2,37300,GIFT_BASKET,70577,14,70575.0,22.0,,,70590,14,70591.0,22.0,,,70583.5,0.0
2,37400,GIFT_BASKET,70595,2,70594.0,12.0,70593.0,19.0,70606,2,70607.0,12.0,70608.0,19.0,70600.5,0.0
2,37500,GIFT_BASKET,70590,2,70589.0,17.0,70588.0,30.0,70601,2,70602.0,17.0,70603.0,30.0,70595.5,0.0
2,37600,GIFT_BASKET,70592,1,70591.0,19.0,70590.0,27.0,70603,1,70604.0,19.0,70605.0,27.0,70597.5,0.0
2,37700,GIFT_BASKET,70585,1,70584.0,13.0,70583.0,27.0,70596,1,70597.0,13.0,70598.0,27.0,70590.5,0.0
2,37800,GIFT_BASKET,70596,1,70595.0,16.0,70594.0,28.0,70606,1,70608.0,16.0,70609.0,28.0,70601.0,0.0
2,37900,GIFT_BASKET,70592,2,70591.0,20.0,70590.0,16.0,70603,2,70604.0,20.0,70605.0,16.0,70597.5,0.0
2,38000,GIFT_BASKET,70594,1,70593.0,14.0,70592.0,15.0,70605,1,70606.0,14.0,70607.0,15.0,70599.5,0.0
2,38100,GIFT_BASKET,70586,20,70585.0,23.0,,,70599,20,70600.0,23.0,,,70592.5,0.0
2,38200,GIFT_BASKET,70590,1,70589.0,16.0,70588.0,22.0,70601,1,70602.0,16.0,70603.0,22.0,70595.5,0.0
2,38300,GIFT_BASKET,70582,18,70581.0,30.0,,,70595,18,70596.0,30.0,,,70588.5,0.0
2,38400,GIFT_BASKET,70582,2,70581.0,14.0,70580.0,15.0,70593,2,70594.0,14.0,70595.0,15.0,70587.5,0.0
2,38500,GIFT_BASKET,70588,16,70586.0,28.0,,,70601,16,70602.0,28.0,,,70594.5,0.0
2,38600,GIFT_BASKET,70600,2,70595.0,2.0,70594.0,12.0,70606,2,70607.0,12.0,70608.0,19.0,70603.0,0.0
2,38700,GIFT_BASKET,70590,1,70589.0,15.0,70588.0,17.0,70601,1,70602.0,15.0,70603.0,17.0,70595.5,0.0
2,38800,GIFT_BASKET,70591,19,70590.0,22.0,,,70604,19,70605.0,22.0,,,70597.5,0.0
2,38900,GIFT_BASKET,70602,2,70601.0,16.0,70600.0,15.0,70607,1,70613.0,2.0,70614.0,16.0,70604.5,0.0
2,39000,GIFT_BASKET,70586,10,70585.0,26.0,,,70599,10,70600.0,26.0,,,70592.5,0.0
2,39100,GIFT_BASKET,70595,2,70594.0,10.0,70593.0,25.0,70606,2,70607.0,10.0,70608.0,25.0,70600.5,0.0
2,39200,GIFT_BASKET,70589,2,70588.0,14.0,70587.0,29.0,70600,2,70601.0,14.0,70602.0,29.0,70594.5,0.0
2,39300,GIFT_BASKET,70587,2,70586.0,17.0,70585.0,29.0,70592,5,70598.0,2.0,70599.0,17.0,70589.5,0.0
2,39400,GIFT_BASKET,70573,2,70572.0,16.0,70570.0,22.0,70583,2,70585.0,16.0,70586.0,22.0,70578.0,0.0
2,39500,GIFT_BASKET,70565,2,70564.0,13.0,70563.0,29.0,70575,2,70577.0,13.0,70578.0,29.0,70570.0,0.0
2,39600,GIFT_BASKET,70556,14,70555.0,28.0,,,70569,14,70570.0,28.0,,,70562.5,0.0
2,39700,GIFT_BASKET,70557,1,70556.0,12.0,70555.0,16.0,70568,1,70569.0,12.0,70570.0,16.0,70562.5,0.0
2,39800,GIFT_BASKET,70558,2,70557.0,16.0,70556.0,30.0,70569,2,70570.0,16.0,70571.0,30.0,70563.5,0.0
2,39900,GIFT_BASKET,70555,1,70554.0,14.0,70553.0,18.0,70566,1,70567.0,14.0,70568.0,18.0,70560.5,0.0
2,40000,GIFT_BASKET,70569,1,70568.0,13.0,70567.0,16.0,70580,1,70581.0,13.0,70582.0,16.0,70574.5,0.0
2,40100,GIFT_BASKET,70567,2,70565.0,19.0,70564.0,29.0,70577,2,70578.0,19.0,70580.0,29.0,70572.0,0.0
2,40200,GIFT_BASKET,70564,2,70563.0,12.0,70562.0,21.0,70575,2,70576.0,12.0,70577.0,21.0,70569.5,0.0
2,40300,GIFT_BASKET,70559,10,70558.0,16.0,,,70572,10,70573.0,16.0,,,70565.5,0.0
2,40400,GIFT_BASKET,70548,19,70547.0,15.0,,,70561,19,70562.0,15.0,,,70554.5,0.0
2,40500,GIFT_BASKET,70541,1,70540.0,12.0,70539.0,16.0,70552,1,70553.0,12.0,70554.0,16.0,70546.5,0.0
2,40600,GIFT_BASKET,70536,1,70535.0,20.0,70534.0,19.0,70547,1,70548.0,20.0,70549.0,19.0,70541.5,0.0
2,40700,GIFT_BASKET,70540,17,70539.0,18.0,,,70553,17,70554.0,18.0,,,70546.5,0.0
2,40800,GIFT_BASKET,70546,10,70545.0,25.0,,,70559,10,70560.0,25.0,,,70552.5,0.0
2,40900,GIFT_BASKET,70539,1,70537.0,11.0,70536.0,27.0,70549,1,70550.0,11.0,70552.0,27.0,70544.0,0.0
2,41000,GIFT_BASKET,70529,10,70528.0,20.0,,,70542,10,70543.0,20.0,,,70535.5,0.0
2,41100,GIFT_BASKET,70529,2,70528.0,17.0,70527.0,30.0,70540,2,70541.0,17.0,70542.0,30.0,70534.5,0.0
2,41200,GIFT_BASKET,70535,1,70534.0,13.0,70533.0,16.0,70546,1,70547.0,13.0,70548.0,16.0,70540.5,0.0
2,41300,GIFT_BASKET,70540,1,70539.0,18.0,70538.0,27.0,70551,1,70552.0,18.0,70553.0,27.0,70545.5,0.0
2,41400,GIFT_BASKET,70541,12,70540.0,16.0,,,70553,2,70554.0,16.0,70555.0,16.0,70547.0,0.0
2,41500,GIFT_BASKET,70549,18,70548.0,21.0,,,70562,18,70563.0,21.0,,,70555.5,0.0
2,41600,GIFT_BASKET,70540,2,70539.0,15.0,70538.0,25.0,70551,2,70552.0,15.0,70553.0,25.0,70545.5,0.0
2,41700,GIFT_BASKET,70542,1,70541.0,18.0,70540.0,29.0,70553,1,70554.0,18.0,70555.0,29.0,70547.5,0.0
2,41800,GIFT_BASKET,70542,2,70541.0,20.0,70540.0,28.0,70553,2,70554.0,20.0,70555.0,28.0,70547.5,0.0
2,41900,GIFT_BASKET,70550,2,70549.0,10.0,70548.0,27.0,70561,2,70562.0,10.0,70563.0,27.0,70555.5,0.0
2,42000,GIFT_BASKET,70539,1,70538.0,14.0,70537.0,19.0,70550,1,70551.0,14.0,70552.0,19.0,70544.5,0.0
2,42100,GIFT_BASKET,70533,2,70532.0,13.0,70531.0,16.0,70544,2,70545.0,13.0,70546.0,16.0,70538.5,0.0
2,42200,GIFT_BASKET,70530,1,70529.0,15.0,70528.0,15.0,70541,1,70542.0,15.0,70543.0,15.0,70535.5,0.0
2,42300,GIFT_BASKET,70523,16,70522.0,25.0,,,70536,16,70537.0,25.0,,,70529.5,0.0
2,42400,GIFT_BASKET,70532,4,70527.0,1.0,70526.0,18.0,70538,1,70539.0,18.0,70540.0,24.0,70535.0,0.0
2,42500,GIFT_BASKET,70515,2,70514.0,17.0,70513.0,26.0,70526,2,70527.0,17.0,70528.0,26.0,70520.5,0.0
2,42600,GIFT_BASKET,70518,2,70517.0,16.0,70516.0,23.0,70529,2,70530.0,16.0,70531.0,23.0,70523.5,0.0
2,42700,GIFT_BASKET,70512,1,70511.0,15.0,70510.0,17.0,70523,1,70524.0,15.0,70525.0,17.0,70517.5,0.0
2,42800,GIFT_BASKET,70511,2,70510.0,12.0,70509.0,18.0,70522,2,70523.0,12.0,70524.0,18.0,70516.5,0.0
2,42900,GIFT_BASKET,70514,2,70513.0,20.0,70512.0,15.0,70525,2,70526.0,20.0,70527.0,15.0,70519.5,0.0
2,43000,GIFT_BASKET,70523,1,70522.0,20.0,70520.0,29.0,70533,1,70534.0,20.0,70536.0,29.0,70528.0,0.0
2,43100,GIFT_BASKET,70526,12,70525.0,18.0,,,70539,12,70540.0,18.0,,,70532.5,0.0
2,43200,GIFT_BASKET,70518,19,70517.0,17.0,,,70531,19,70532.0,17.0,,,70524.5,0.0
2,43300,GIFT_BASKET,70522,14,70521.0,16.0,,,70535,14,70536.0,16.0,,,70528.5,0.0
2,43400,GIFT_BASKET,70523,5,70517.0,11.0,70516.0,23.0,70530,11,70531.0,23.0,,,70526.5,0.0
2,43500,GIFT_BASKET,70525,1,70524.0,14.0,70523.0,30.0,70536,1,70537.0,14.0,70538.0,30.0,70530.5,0.0
2,43600,GIFT_BASKET,70528,1,70527.0,16.0,70526.0,27.0,70539,1,70540.0,16.0,70541.0,27.0,70533.5,0.0
2,43700,GIFT_BASKET,70513,2,70512.0,15.0,70510.0,17.0,70523,2,70524.0,15.0,70526.0,17.0,70518.0,0.0
2,43800,GIFT_BASKET,70520,2,70518.0,11.0,70517.0,29.0,70530,2,70531.0,11.0,70533.0,29.0,70525.0,0.0
2,43900,GIFT_BASKET,70514,13,70513.0,25.0,,,70527,13,70528.0,25.0,,,70520.5,0.0
2,44000,GIFT_BASKET,70516,1,70515.0,12.0,70514.0,19.0,70521,8,70527.0,1.0,70528.0,12.0,70518.5,0.0
2,44100,GIFT_BASKET,70521,2,70520.0,20.0,70519.0,15.0,70532,2,70533.0,20.0,70534.0,15.0,70526.5,0.0
2,44200,GIFT_BASKET,70524,13,70523.0,15.0,,,70537,13,70538.0,15.0,,,70530.5,0.0
2,44300,GIFT_BASKET,70532,2,70531.0,13.0,70530.0,19.0,70543,2,70544.0,13.0,70545.0,19.0,70537.5,0.0
2,44400,GIFT_BASKET,70546,7,70540.0,16.0,70539.0,29.0,70553,16,70554.0,29.0,,,70549.5,0.0
2,44500,GIFT_BASKET,70536,1,70535.0,14.0,70533.0,16.0,70546,1,70548.0,14.0,70549.0,16.0,70541.0,0.0
2,44600,GIFT_BASKET,70513,15,70512.0,22.0,,,70526,15,70527.0,22.0,,,70519.5,0.0
2,44700,GIFT_BASKET,70503,14,70502.0,24.0,,,70516,14,70517.0,24.0,,,70509.5,0.0
2,44800,GIFT_BASKET,70491,16,70490.0,17.0,,,70503,1,70504.0,17.0,70505.0,17.0,70497.0,0.0
2,44900,GIFT_BASKET,70487,12,70486.0,27.0,,,70500,12,70501.0,27.0,,,70493.5,0.0
2,45000,GIFT_BASKET,70474,1,70473.0,13.0,70472.0,24.0,70485,1,70486.0,13.0,70487.0,24.0,70479.5,0.0
2,45100,GIFT_BASKET,70468,1,70467.0,15.0,70466.0,22.0,70479,1,70480.0,15.0,70481.0,22.0,70473.5,0.0
2,45200,GIFT_BASKET,70476,11,70475.0,15.0,,,70489,11,70490.0,15.0,,,70482.5,0.0
2,45300,GIFT_BASKET,70490,1,70489.0,20.0,70488.0,26.0,70501,1,70502.0,20.0,70503.0,26.0,70495.5,0.0
2,45400,GIFT_BASKET,70488,2,70487.0,16.0,70486.0,17.0,70499,2,70500.0,16.0,70501.0,17.0,70493.5,0.0
2,45500,GIFT_BASKET,70493,2,70492.0,20.0,70491.0,15.0,70504,2,70505.0,20.0,70506.0,15.0,70498.5,0.0
2,45600,GIFT_BASKET,70493,1,70492.0,19.0,70491.0,19.0,70504,1,70505.0,19.0,70506.0,19.0,70498.5,0.0
2,45700,GIFT_BASKET,70499,1,70498.0,17.0,70497.0,30.0,70510,1,70511.0,17.0,70512.0,30.0,70504.5,0.0
2,45800,GIFT_BASKET,70500,2,70499.0,10.0,70498.0,30.0,70511,2,70512.0,10.0,70513.0,30.0,70505.5,0.0
2,45900,GIFT_BASKET,70508,19,70507.0,17.0,,,70521,19,70522.0,17.0,,,70514.5,0.0
2,46000,GIFT_BASKET,70503,1,70502.0,11.0,70501.0,26.0,70514,1,70515.0,11.0,70516.0,26.0,70508.5,0.0
2,46100,GIFT_BASKET,70509,1,70508.0,11.0,70507.0,18.0,70520,1,70521.0,11.0,70522.0,18.0,70514.5,0.0
2,46200,GIFT_BASKET,70504,1,70503.0,11.0,70502.0,28.0,70515,1,70516.0,11.0,70517.0,28.0,70509.5,0.0
2,46300,GIFT_BASKET,70508,1,70507.0,11.0,70506.0,19.0,70519,1,70520.0,11.0,70521.0,19.0,70513.5,0.0
2,46400,GIFT_BASKET,70521,1,70520.0,12.0,70519.0,19.0,70532,1,70533.0,12.0,70534.0,19.0,70526.5,0.0
2,46500,GIFT_BASKET,70529,1,70528.0,19.0,70527.0,19.0,70540,1,70541.0,19.0,70542.0,19.0,70534.5,0.0
2,46600,GIFT_BASKET,70525,2,70524.0,16.0,70523.0,17.0,70536,2,70537.0,16.0,70538.0,17.0,70530.5,0.0
2,46700,GIFT_BASKET,70512,2,70511.0,11.0,70510.0,16.0,70523,2,70524.0,11.0,70525.0,16.0,70517.5,0.0
2,46800,GIFT_BASKET,70500,2,70499.0,16.0,70498.0,25.0,70511,2,70512.0,16.0,70513.0,25.0,70505.5,0.0
2,46900,GIFT_BASKET,70497,1,70496.0,12.0,70495.0,15.0,70508,1,70509.0,12.0,70510.0,15.0,70502.5,0.0
2,47000,GIFT_BASKET,70493,1,70492.0,14.0,70491.0,25.0,70504,1,70505.0,14.0,70506.0,25.0,70498.5,0.0
2,47100,GIFT_BASKET,70494,11,70493.0,26.0,,,70507,11,70508.0,26.0,,,70500.5,0.0
2,47200,GIFT_BASKET,70500,2,70499.0,13.0,70498.0,17.0,70511,2,70512.0,13.0,70513.0,17.0,70505.5,0.0
2,47300,GIFT_BASKET,70490,1,70489.0,15.0,70488.0,29.0,70501,1,70502.0,15.0,70503.0,29.0,70495.5,0.0
2,47400,GIFT_BASKET,70482,18,70481.0,21.0,,,70495,18,70496.0,21.0,,,70488.5,0.0
2,47500,GIFT_BASKET,70488,1,70483.0,2.0,70482.0,11.0,70494,2,70495.0,11.0,70496.0,23.0,70491.0,0.0
2,47600,GIFT_BASKET,70492,12,70491.0,16.0,,,70505,12,70506.0,16.0,,,70498.5,0.0
2,47700,GIFT_BASKET,70503,2,70502.0,14.0,70501.0,28.0,70514,2,70515.0,14.0,70516.0,28.0,70508.5,0.0
2,47800,GIFT_BASKET,70495,1,70494.0,16.0,70493.0,15.0,70506,1,70507.0,16.0,70508.0,15.0,70500.5,0.0
2,47900,GIFT_BASKET,70498,15,70497.0,16.0,,,70511,15,70512.0,16.0,,,70504.5,0.0
2,48000,GIFT_BASKET,70507,1,70506.0,19.0,70505.0,16.0,70512,8,70518.0,1.0,70519.0,19.0,70509.5,0.0
2,48100,GIFT_BASKET,70517,1,70516.0,13.0,70515.0,30.0,70528,1,70529.0,13.0,70530.0,30.0,70522.5,0.0
2,48200,GIFT_BASKET,70526,1,70525.0,16.0,70524.0,18.0,70537,1,70538.0,16.0,70539.0,18.0,70531.5,0.0
2,48300,GIFT_BASKET,70528,2,70527.0,10.0,70526.0,26.0,70539,2,70540.0,10.0,70541.0,26.0,70533.5,0.0
2,48400,GIFT_BASKET,70528,13,70527.0,19.0,,,70541,13,70542.0,19.0,,,70534.5,0.0
2,48500,GIFT_BASKET,70519,19,70518.0,22.0,,,70532,19,70533.0,22.0,,,70525.5,0.0
2,48600,GIFT_BASKET,70528,2,70527.0,12.0,70526.0,24.0,70539,2,70540.0,12.0,70541.0,24.0,70533.5,0.0
2,48700,GIFT_BASKET,70520,1,70519.0,17.0,70518.0,20.0,70531,1,70532.0,17.0,70533.0,20.0,70525.5,0.0
2,48800,GIFT_BASKET,70509,2,70508.0,12.0,70507.0,22.0,70520,2,70521.0,12.0,70522.0,22.0,70514.5,0.0
2,48900,GIFT_BASKET,70508,16,70507.0,16.0,,,70521,16,70522.0,16.0,,,70514.5,0.0
2,49000,GIFT_BASKET,70515,15,70514.0,20.0,,,70528,15,70529.0,20.0,,,70521.5,0.0
2,49100,GIFT_BASKET,70528,3,70523.0,1.0,70522.0,19.0,70534,1,70535.0,19.0,70536.0,20.0,70531.0,0.0
2,49200,GIFT_BASKET,70514,12,70513.0,26.0,,,70527,12,70528.0,26.0,,,70520.5,0.0
2,49300,GIFT_BASKET,70510,1,70509.0,18.0,70508.0,17.0,70521,1,70522.0,18.0,70523.0,17.0,70515.5,0.0
2,49400,GIFT_BASKET,70532,3,70527.0,1.0,70526.0,13.0,70538,1,70539.0,13.0,70540.0,18.0,70535.0,0.0
2,49500,GIFT_BASKET,70529,1,70528.0,20.0,70527.0,27.0,70540,1,70541.0,20.0,70542.0,27.0,70534.5,0.0
2,49600,GIFT_BASKET,70523,2,70522.0,19.0,70521.0,16.0,70534,2,70535.0,19.0,70536.0,16.0,70528.5,0.0
2,49700,GIFT_BASKET,70524,12,70523.0,16.0,,,70537,12,70538.0,16.0,,,70530.5,0.0
2,49800,GIFT_BASKET,70524,2,70523.0,17.0,70522.0,28.0,70535,2,70536.0,17.0,70537.0,28.0,70529.5,0.0
2,49900,GIFT_BASKET,70532,12,70531.0,16.0,,,70545,12,70546.0,16.0,,,70538.5,0.0
2,50000,GIFT_BASKET,70553,2,70552.0,15.0,70551.0,19.0,70564,2,70565.0,15.0,70566.0,19.0,70558.5,0.0
2,50100,GIFT_BASKET,70559,2,70558.0,12.0,70557.0,20.0,70570,2,70571.0,12.0,70572.0,20.0,70564.5,0.0
2,50200,GIFT_BASKET,70553,1,70552.0,12.0,70551.0,30.0,70564,1,70565.0,12.0,70566.0,30.0,70558.5,0.0
2,50300,GIFT_BASKET,70559,1,70557.0,15.0,70556.0,29.0,70569,1,70570.0,15.0,70571.0,29.0,70564.0,0.0
2,50400,GIFT_BASKET,70553,1,70552.0,20.0,70551.0,28.0,70564,1,70565.0,20.0,70566.0,28.0,70558.5,0.0
2,50500,GIFT_BASKET,70547,10,70546.0,29.0,,,70560,10,70561.0,29.0,,,70553.5,0.0
2,50600,GIFT_BASKET,70544,1,70543.0,11.0,70542.0,29.0,70549,7,70555.0,1.0,70556.0,11.0,70546.5,0.0
2,50700,GIFT_BASKET,70531,11,70530.0,19.0,,,70544,11,70545.0,19.0,,,70537.5,0.0
2,50800,GIFT_BASKET,70537,2,70536.0,10.0,70535.0,16.0,70548,2,70549.0,10.0,70550.0,16.0,70542.5,0.0
2,50900,GIFT_BASKET,70552,6,70546.0,16.0,70545.0,24.0,70559,16,70560.0,24.0,,,70555.5,0.0
2,51000,GIFT_BASKET,70564,1,70563.0,15.0,70562.0,20.0,70575,1,70576.0,15.0,70577.0,20.0,70569.5,0.0
2,51100,GIFT_BASKET,70575,1,70574.0,10.0,70573.0,19.0,70586,1,70587.0,10.0,70588.0,19.0,70580.5,0.0
2,51200,GIFT_BASKET,70573,16,70572.0,28.0,,,70586,16,70587.0,28.0,,,70579.5,0.0
2,51300,GIFT_BASKET,70566,12,70565.0,30.0,,,70579,12,70580.0,30.0,,,70572.5,0.0
2,51400,GIFT_BASKET,70570,1,70569.0,20.0,70568.0,16.0,70581,1,70582.0,20.0,70583.0,16.0,70575.5,0.0
2,51500,GIFT_BASKET,70579,2,70578.0,14.0,70577.0,16.0,70590,2,70591.0,14.0,70592.0,16.0,70584.5,0.0
2,51600,GIFT_BASKET,70571,12,70570.0,21.0,,,70577,2,70584.0,12.0,70585.0,21.0,70574.0,0.0
2,51700,GIFT_BASKET,70576,2,70574.0,14.0,70573.0,28.0,70586,2,70587.0,14.0,70589.0,28.0,70581.0,0.0
2,51800,GIFT_BASKET,70579,10,70578.0,29.0,,,70592,10,70593.0,29.0,,,70585.5,0.0
2,51900,GIFT_BASKET,70571,14,70570.0,15.0,,,70584,14,70585.0,15.0,,,70577.5,0.0
2,52000,GIFT_BASKET,70580,1,70579.0,17.0,70577.0,26.0,70590,1,70592.0,17.0,70593.0,26.0,70585.0,0.0
2,52100,GIFT_BASKET,70596,19,70595.0,25.0,,,70609,19,70610.0,25.0,,,70602.5,0.0
2,52200,GIFT_BASKET,70596,2,70595.0,14.0,70594.0,16.0,70607,2,70608.0,14.0,70609.0,16.0,70601.5,0.0
2,52300,GIFT_BASKET,70607,2,70606.0,17.0,70605.0,18.0,70618,2,70619.0,17.0,70620.0,18.0,70612.5,0.0
2,52400,GIFT_BASKET,70599,1,70598.0,13.0,70597.0,27.0,70610,1,70611.0,13.0,70612.0,27.0,70604.5,0.0
2,52500,GIFT_BASKET,70595,16,70594.0,20.0,,,70596,2,70607.0,2.0,70608.0,16.0,70595.5,0.0
2,52600,GIFT_BASKET,70592,14,70591.0,24.0,,,70605,14,70606.0,24.0,,,70598.5,0.0
2,52700,GIFT_BASKET,70587,2,70586.0,10.0,70585.0,20.0,70598,2,70599.0,10.0,70600.0,20.0,70592.5,0.0
2,52800,GIFT_BASKET,70584,1,70583.0,20.0,70581.0,30.0,70594,1,70596.0,20.0,70597.0,30.0,70589.0,0.0
2,52900,GIFT_BASKET,70578,1,70577.0,11.0,70576.0,29.0,70589,1,70590.0,11.0,70591.0,29.0,70583.5,0.0
2,53000,GIFT_BASKET,70576,1,70575.0,19.0,70573.0,15.0,70586,1,70587.0,19.0,70589.0,15.0,70581.0,0.0
2,53100,GIFT_BASKET,70564,1,70563.0,12.0,70562.0,22.0,70575,1,70576.0,12.0,70577.0,22.0,70569.5,0.0
2,53200,GIFT_BASKET,70563,2,70562.0,17.0,70561.0,16.0,70574,2,70575.0,17.0,70576.0,16.0,70568.5,0.0
2,53300,GIFT_BASKET,70559,1,70558.0,16.0,70557.0,22.0,70564,6,70570.0,1.0,70571.0,16.0,70561.5,0.0
2,53400,GIFT_BASKET,70563,16,70562.0,21.0,,,70576,16,70577.0,21.0,,,70569.5,0.0
2,53500,GIFT_BASKET,70563,1,70562.0,13.0,70561.0,26.0,70574,1,70575.0,13.0,70576.0,26.0,70568.5,0.0
2,53600,GIFT_BASKET,70569,1,70568.0,18.0,70567.0,26.0,70579,1,70581.0,18.0,70582.0,26.0,70574.0,0.0
2,53700,GIFT_BASKET,70566,11,70565.0,25.0,,,70579,11,70580.0,25.0,,,70572.5,0.0
2,53800,GIFT_BASKET,70559,2,70558.0,10.0,70557.0,16.0,70570,2,70571.0,10.0,70572.0,16.0,70564.5,0.0
2,53900,GIFT_BASKET,70544,14,70543.0,30.0,,,70557,14,70558.0,30.0,,,70550.5,0.0
2,54000,GIFT_BASKET,70543,2,70541.0,16.0,70540.0,21.0,70553,2,70554.0,16.0,70556.0,21.0,70548.0,0.0
2,54100,GIFT_BASKET,70538,2,70537.0,18.0,70536.0,27.0,70549,2,70550.0,18.0,70551.0,27.0,70543.5,0.0
2,54200,GIFT_BASKET,70542,11,70541.0,29.0,,,70555,11,70556.0,29.0,,,70548.5,0.0
2,54300,GIFT_BASKET,70525,1,70524.0,15.0,70523.0,28.0,70536,1,70537.0,15.0,70538.0,28.0,70530.5,0.0
2,54400,GIFT_BASKET,70537,4,70531.0,12.0,70530.0,15.0,70544,12,70545.0,15.0,,,70540.5,0.0
2,54500,GIFT_BASKET,70527,20,70525.0,18.0,,,70539,20,70541.0,18.0,,,70533.0,0.0
2,54600,GIFT_BASKET,70543,16,70542.0,26.0,,,70556,16,70557.0,26.0,,,70549.5,0.0
2,54700,GIFT_BASKET,70534,1,70533.0,15.0,70532.0,15.0,70545,1,70546.0,15.0,70547.0,15.0,70539.5,0.0
2,54800,GIFT_BASKET,70548,1,70547.0,15.0,70546.0,30.0,70559,1,70560.0,15.0,70561.0,30.0,70553.5,0.0
2,54900,GIFT_BASKET,70549,13,70548.0,20.0,,,70562,13,70563.0,20.0,,,70555.5,0.0
2,55000,GIFT_BASKET,70541,1,70540.0,16.0,70539.0,24.0,70552,1,70553.0,16.0,70554.0,24.0,70546.5,0.0
2,55100,GIFT_BASKET,70542,2,70541.0,16.0,70540.0,25.0,70553,2,70554.0,16.0,70555.0,25.0,70547.5,0.0
2,55200,GIFT_BASKET,70546,2,70545.0,10.0,70544.0,21.0,70557,2,70558.0,10.0,70559.0,21.0,70551.5,0.0
2,55300,GIFT_BASKET,70531,19,70530.0,17.0,,,70544,19,70545.0,17.0,,,70537.5,0.0
2,55400,GIFT_BASKET,70522,1,70521.0,20.0,70520.0,27.0,70533,1,70534.0,20.0,70535.0,27.0,70527.5,0.0
2,55500,GIFT_BASKET,70520,12,70519.0,19.0,,,70533,12,70534.0,19.0,,,70526.5,0.0
2,55600,GIFT_BASKET,70528,2,70527.0,13.0,70526.0,22.0,70539,2,70540.0,13.0,70541.0,22.0,70533.5,0.0
2,55700,GIFT_BASKET,70534,2,70533.0,19.0,70532.0,19.0,70545,2,70546.0,19.0,70547.0,19.0,70539.5,0.0
2,55800,GIFT_BASKET,70531,2,70530.0,15.0,70529.0,21.0,70542,2,70543.0,15.0,70544.0,21.0,70536.5,0.0
2,55900,GIFT_BASKET,70534,19,70533.0,22.0,,,70547,19,70548.0,22.0,,,70540.5,0.0
2,56000,GIFT_BASKET,70539,1,70538.0,16.0,70537.0,23.0,70550,1,70551.0,16.0,70552.0,23.0,70544.5,0.0
2,56100,GIFT_BASKET,70540,17,70539.0,19.0,,,70553,17,70554.0,19.0,,,70546.5,0.0
2,56200,GIFT_BASKET,70530,2,70529.0,16.0,70528.0,19.0,70535,4,70541.0,2.0,70542.0,16.0,70532.5,0.0
2,56300,GIFT_BASKET,70531,2,70530.0,17.0,70529.0,25.0,70542,2,70543.0,17.0,70544.0,25.0,70536.5,0.0
2,56400,GIFT_BASKET,70542,1,70541.0,19.0,70540.0,24.0,70553,1,70554.0,19.0,70555.0,24.0,70547.5,0.0
2,56500,GIFT_BASKET,70551,2,70550.0,15.0,70549.0,29.0,70562,2,70563.0,15.0,70564.0,29.0,70556.5,0.0
2,56600,GIFT_BASKET,70542,2,70541.0,20.0,70540.0,22.0,70553,2,70554.0,20.0,70555.0,22.0,70547.5,0.0
2,56700,GIFT_BASKET,70540,2,70539.0,10.0,70538.0,26.0,70551,2,70552.0,10.0,70553.0,26.0,70545.5,0.0
2,56800,GIFT_BASKET,70547,2,70546.0,16.0,70545.0,20.0,70558,2,70559.0,16.0,70560.0,20.0,70552.5,0.0
2,56900,GIFT_BASKET,70546,16,70545.0,23.0,,,70559,16,70560.0,23.0,,,70552.5,0.0
2,57000,GIFT_BASKET,70557,1,70556.0,19.0,70555.0,21.0,70568,1,70569.0,19.0,70570.0,21.0,70562.5,0.0
2,57100,GIFT_BASKET,70575,19,70574.0,16.0,,,70588,19,70589.0,16.0,,,70581.5,0.0
2,57200,GIFT_BASKET,70575,1,70574.0,12.0,70573.0,23.0,70586,1,70587.0,12.0,70588.0,23.0,70580.5,0.0
2,57300,GIFT_BASKET,70578,12,70577.0,15.0,,,70591,12,70592.0,15.0,,,70584.5,0.0
2,57400,GIFT_BASKET,70579,2,70578.0,13.0,70577.0,17.0,70590,2,70591.0,13.0,70592.0,17.0,70584.5,0.0
2,57500,GIFT_BASKET,70587,2,70586.0,17.0,70585.0,16.0,70598,2,70599.0,17.0,70600.0,16.0,70592.5,0.0
2,57600,GIFT_BASKET,70583,20,70582.0,16.0,,,70596,20,70597.0,16.0,,,70589.5,0.0
2,57700,GIFT_BASKET,70580,1,70579.0,18.0,70578.0,19.0,70591,1,70592.0,18.0,70593.0,19.0,70585.5,0.0
2,57800,GIFT_BASKET,70577,13,70576.0,25.0,,,70590,13,70591.0,25.0,,,70583.5,0.0
2,57900,GIFT_BASKET,70592,1,70591.0,16.0,70590.0,15.0,70603,1,70604.0,16.0,70605.0,15.0,70597.5,0.0
2,58000,GIFT_BASKET,70569,18,70568.0,23.0,,,70582,18,70583.0,23.0,,,70575.5,0.0
2,58100,GIFT_BASKET,70568,16,70567.0,22.0,,,70581,16,70582.0,22.0,,,70574.5,0.0
2,58200,GIFT_BASKET,70576,7,70571.0,2.0,70570.0,20.0,70581,2,70583.0,20.0,70584.0,16.0,70578.5,0.0
2,58300,GIFT_BASKET,70558,12,70557.0,25.0,,,70571,12,70572.0,25.0,,,70564.5,0.0
2,58400,GIFT_BASKET,70555,2,70554.0,11.0,70553.0,17.0,70566,2,70567.0,11.0,70568.0,17.0,70560.5,0.0
2,58500,GIFT_BASKET,70556,2,70555.0,14.0,70554.0,16.0,70567,2,70568.0,14.0,70569.0,16.0,70561.5,0.0
2,58600,GIFT_BASKET,70562,1,70561.0,15.0,70560.0,29.0,70573,1,70574.0,15.0,70575.0,29.0,70567.5,0.0
2,58700,GIFT_BASKET,70558,10,70557.0,16.0,,,70571,10,70572.0,16.0,,,70564.5,0.0
2,58800,GIFT_BASKET,70549,1,70548.0,16.0,70547.0,17.0,70560,1,70561.0,16.0,70562.0,17.0,70554.5,0.0
2,58900,GIFT_BASKET,70554,2,70553.0,18.0,70552.0,21.0,70565,2,70566.0,18.0,70567.0,21.0,70559.5,0.0
2,59000,GIFT_BASKET,70564,1,70563.0,16.0,70562.0,18.0,70575,1,70576.0,16.0,70577.0,18.0,70569.5,0.0
2,59100,GIFT_BASKET,70574,19,70573.0,23.0,,,70587,19,70588.0,23.0,,,70580.5,0.0
2,59200,GIFT_BASKET,70584,2,70583.0,19.0,70582.0,18.0,70595,2,70596.0,19.0,70597.0,18.0,70589.5,0.0
2,59300,GIFT_BASKET,70595,2,70594.0,16.0,70593.0,25.0,70606,2,70607.0,16.0,70608.0,25.0,70600.5,0.0
2,59400,GIFT_BASKET,70604,11,70603.0,15.0,,,70617,11,70618.0,15.0,,,70610.5,0.0
2,59500,GIFT_BASKET,70608,2,70607.0,12.0,70606.0,16.0,70619,2,70620.0,12.0,70621.0,16.0,70613.5,0.0
2,59600,GIFT_BASKET,70607,2,70606.0,12.0,70605.0,19.0,70618,2,70619.0,12.0,70620.0,19.0,70612.5,0.0
2,59700,GIFT_BASKET,70619,1,70618.0,13.0,70617.0,19.0,70630,1,70631.0,13.0,70632.0,19.0,70624.5,0.0
2,59800,GIFT_BASKET,70624,18,70623.0,24.0,,,70637,18,70638.0,24.0,,,70630.5,0.0
2,59900,GIFT_BASKET,70625,10,70624.0,19.0,,,70638,10,70639.0,19.0,,,70631.5,0.0
2,60000,GIFT_BASKET,70609,16,70608.0,19.0,,,70622,16,70623.0,19.0,,,70615.5,0.0
2,60100,GIFT_BASKET,70599,2,70598.0,15.0,70597.0,16.0,70604,8,70610.0,2.0,70611.0,15.0,70601.5,0.0
2,60200,GIFT_BASKET,70601,12,70600.0,20.0,,,70614,12,70615.0,20.0,,,70607.5,0.0
2,60300,GIFT_BASKET,70613,2,70612.0,17.0,70610.0,17.0,70623,2,70625.0,17.0,70626.0,17.0,70618.0,0.0
2,60400,GIFT_BASKET,70609,1,70608.0,17.0,70607.0,30.0,70620,1,70621.0,17.0,70622.0,30.0,70614.5,0.0
2,60500,GIFT_BASKET,70619,1,70618.0,13.0,70617.0,26.0,70630,1,70631.0,13.0,70632.0,26.0,70624.5,0.0
2,60600,GIFT_BASKET,70609,2,70608.0,17.0,70607.0,24.0,70614,2,70620.0,2.0,70621.0,17.0,70611.5,0.0
2,60700,GIFT_BASKET,70616,1,70615.0,19.0,70614.0,25.0,70627,1,70628.0,19.0,70629.0,25.0,70621.5,0.0
2,60800,GIFT_BASKET,70610,1,70609.0,14.0,70608.0,22.0,70621,1,70622.0,14.0,70623.0,22.0,70615.5,0.0
2,60900,GIFT_BASKET,70600,8,70595.0,1.0,70594.0,12.0,70606,1,70607.0,12.0,70608.0,26.0,70603.0,0.0
2,61000,GIFT_BASKET,70599,11,70598.0,21.0,,,70612,11,70613.0,21.0,,,70605.5,0.0
2,61100,GIFT_BASKET,70589,12,70588.0,25.0,,,70602,12,70603.0,25.0,,,70595.5,0.0
2,61200,GIFT_BASKET,70579,13,70578.0,22.0,,,70585,3,70592.0,13.0,70593.0,22.0,70582.0,0.0
2,61300,GIFT_BASKET,70573,2,70572.0,15.0,70571.0,26.0,70584,2,70585.0,15.0,70586.0,26.0,70578.5,0.0
2,61400,GIFT_BASKET,70584,1,70583.0,18.0,70582.0,30.0,70595,1,70596.0,18.0,70597.0,30.0,70589.5,0.0
2,61500,GIFT_BASKET,70593,2,70592.0,16.0,70591.0,23.0,70604,2,70605.0,16.0,70606.0,23.0,70598.5,0.0
2,61600,GIFT_BASKET,70576,1,70574.0,19.0,70573.0,20.0,70586,1,70587.0,19.0,70589.0,20.0,70581.0,0.0
2,61700,GIFT_BASKET,70574,1,70573.0,17.0,70572.0,29.0,70585,1,70586.0,17.0,70587.0,29.0,70579.5,0.0
2,61800,GIFT_BASKET,70562,1,70561.0,17.0,70560.0,29.0,70572,1,70574.0,17.0,70575.0,29.0,70567.0,0.0
2,61900,GIFT_BASKET,70561,1,70560.0,14.0,70559.0,17.0,70571,1,70573.0,14.0,70574.0,17.0,70566.0,0.0
2,62000,GIFT_BASKET,70562,2,70561.0,19.0,70560.0,22.0,70573,2,70574.0,19.0,70575.0,22.0,70567.5,0.0
2,62100,GIFT_BASKET,70568,1,70567.0,18.0,70566.0,19.0,70579,1,70580.0,18.0,70581.0,19.0,70573.5,0.0
2,62200,GIFT_BASKET,70573,12,70572.0,22.0,,,70586,12,70587.0,22.0,,,70579.5,0.0
2,62300,GIFT_BASKET,70592,1,70591.0,14.0,70589.0,17.0,70597,5,70602.0,1.0,70604.0,14.0,70594.5,0.0
2,62400,GIFT_BASKET,70604,20,70603.0,23.0,,,70617,20,70619.0,23.0,,,70610.5,0.0
2,62500,GIFT_BASKET,70614,14,70613.0,25.0,,,70627,14,70628.0,25.0,,,70620.5,0.0
2,62600,GIFT_BASKET,70621,14,70620.0,28.0,,,70634,14,70635.0,28.0,,,70627.5,0.0
2,62700,GIFT_BASKET,70627,1,70626.0,15.0,70624.0,22.0,70637,1,70639.0,15.0,70640.0,22.0,70632.0,0.0
2,62800,GIFT_BASKET,70626,1,70625.0,11.0,70623.0,25.0,70636,1,70638.0,11.0,70639.0,25.0,70631.0,0.0
2,62900,GIFT_BASKET,70623,2,70622.0,13.0,70621.0,15.0,70634,2,70635.0,13.0,70636.0,15.0,70628.5,0.0
2,63000,GIFT_BASKET,70620,2,70619.0,16.0,70618.0,19.0,70631,2,70632.0,16.0,70633.0,19.0,70625.5,0.0
2,63100,GIFT_BASKET,70619,1,70618.0,19.0,70617.0,16.0,70630,1,70631.0,19.0,70632.0,16.0,70624.5,0.0
2,63200,GIFT_BASKET,70609,1,70608.0,11.0,70607.0,29.0,70620,1,70621.0,11.0,70622.0,29.0,70614.5,0.0
2,63300,GIFT_BASKET,70621,4,70615.0,17.0,70614.0,28.0,70628,17,70629.0,28.0,,,70624.5,0.0
2,63400,GIFT_BASKET,70614,2,70613.0,13.0,70612.0,23.0,70625,2,70626.0,13.0,70627.0,23.0,70619.5,0.0
2,63500,GIFT_BASKET,70613,2,70612.0,18.0,70611.0,26.0,70624,2,70625.0,18.0,70626.0,26.0,70618.5,0.0
2,63600,GIFT_BASKET,70611,1,70610.0,12.0,70609.0,18.0,70622,1,70623.0,12.0,70624.0,18.0,70616.5,0.0
2,63700,GIFT_BASKET,70614,2,70613.0,17.0,70612.0,21.0,70625,2,70626.0,17.0,70627.0,21.0,70619.5,0.0
2,63800,GIFT_BASKET,70609,1,70608.0,10.0,70607.0,28.0,70620,1,70621.0,10.0,70622.0,28.0,70614.5,0.0
2,63900,GIFT_BASKET,70608,1,70607.0,20.0,70606.0,30.0,70619,1,70620.0,20.0,70621.0,30.0,70613.5,0.0
2,64000,GIFT_BASKET,70606,1,70604.0,14.0,70603.0,27.0,70616,1,70617.0,14.0,70619.0,27.0,70611.0,0.0
2,64100,GIFT_BASKET,70608,19,70607.0,28.0,,,70621,19,70622.0,28.0,,,70614.5,0.0
2,64200,GIFT_BASKET,70600,2,70599.0,18.0,70598.0,21.0,70611,2,70612.0,18.0,70613.0,21.0,70605.5,0.0
2,64300,GIFT_BASKET,70598,13,70596.0,20.0,,,70611,13,70612.0,20.0,,,70604.5,0.0
2,64400,GIFT_BASKET,70609,2,70608.0,11.0,70607.0,21.0,70620,2,70621.0,11.0,70622.0,21.0,70614.5,0.0
2,64500,GIFT_BASKET,70598,2,70597.0,11.0,70596.0,23.0,70609,2,70610.0,11.0,70611.0,23.0,70603.5,0.0
2,64600,GIFT_BASKET,70600,13,70599.0,25.0,,,70613,13,70614.0,25.0,,,70606.5,0.0
2,64700,GIFT_BASKET,70600,1,70599.0,11.0,70598.0,27.0,70611,1,70612.0,11.0,70613.0,27.0,70605.5,0.0
2,64800,GIFT_BASKET,70596,10,70595.0,24.0,,,70609,10,70610.0,24.0,,,70602.5,0.0
2,64900,GIFT_BASKET,70596,2,70595.0,15.0,70594.0,18.0,70607,2,70608.0,15.0,70609.0,18.0,70601.5,0.0
2,65000,GIFT_BASKET,70595,2,70594.0,19.0,70593.0,19.0,70606,2,70607.0,19.0,70608.0,19.0,70600.5,0.0
2,65100,GIFT_BASKET,70586,1,70585.0,12.0,70584.0,28.0,70597,1,70598.0,12.0,70599.0,28.0,70591.5,0.0
2,65200,GIFT_BASKET,70589,2,70588.0,19.0,70587.0,27.0,70600,2,70601.0,19.0,70602.0,27.0,70594.5,0.0
2,65300,GIFT_BASKET,70603,2,70602.0,11.0,70601.0,21.0,70614,2,70615.0,11.0,70616.0,21.0,70608.5,0.0
2,65400,GIFT_BASKET,70603,1,70602.0,14.0,70600.0,26.0,70613,1,70615.0,14.0,70616.0,26.0,70608.0,0.0
2,65500,GIFT_BASKET,70610,7,70605.0,2.0,70604.0,16.0,70616,2,70617.0,16.0,70618.0,28.0,70613.0,0.0
2,65600,GIFT_BASKET,70608,16,70607.0,29.0,,,70621,16,70622.0,29.0,,,70614.5,0.0
2,65700,GIFT_BASKET,70624,17,70623.0,25.0,,,70637,17,70638.0,25.0,,,70630.5,0.0
2,65800,GIFT_BASKET,70623,18,70622.0,18.0,,,70636,18,70637.0,18.0,,,70629.5,0.0
2,65900,GIFT_BASKET,70638,1,70637.0,14.0,70636.0,16.0,70649,1,70650.0,14.0,70651.0,16.0,70643.5,0.0
2,66000,GIFT_BASKET,70647,2,70646.0,20.0,70644.0,19.0,70657,2,70659.0,20.0,70660.0,19.0,70652.0,0.0
2,66100,GIFT_BASKET,70657,20,70656.0,24.0,,,70670,20,70671.0,24.0,,,70663.5,0.0
2,66200,GIFT_BASKET,70671,1,70667.0,1.0,70665.0,20.0,70677,1,70678.0,20.0,70680.0,16.0,70674.0,0.0
2,66300,GIFT_BASKET,70660,1,70659.0,15.0,70658.0,22.0,70671,1,70672.0,15.0,70673.0,22.0,70665.5,0.0
2,66400,GIFT_BASKET,70666,7,70665.0,28.0,,,70678,2,70679.0,10.0,70680.0,28.0,70672.0,0.0
2,66500,GIFT_BASKET,70662,1,70661.0,11.0,70660.0,19.0,70673,1,70674.0,11.0,70675.0,19.0,70667.5,0.0
2,66600,GIFT_BASKET,70673,2,70672.0,20.0,70671.0,20.0,70684,2,70685.0,20.0,70686.0,20.0,70678.5,0.0
2,66700,GIFT_BASKET,70670,1,70669.0,11.0,70668.0,19.0,70681,1,70682.0,11.0,70683.0,19.0,70675.5,0.0
2,66800,GIFT_BASKET,70669,2,70668.0,16.0,70667.0,27.0,70680,2,70681.0,16.0,70682.0,27.0,70674.5,0.0
2,66900,GIFT_BASKET,70683,2,70682.0,12.0,70681.0,24.0,70694,2,70695.0,12.0,70696.0,24.0,70688.5,0.0
2,67000,GIFT_BASKET,70687,2,70686.0,15.0,70685.0,18.0,70698,2,70699.0,15.0,70700.0,18.0,70692.5,0.0
2,67100,GIFT_BASKET,70692,1,70691.0,14.0,70690.0,23.0,70703,1,70704.0,14.0,70705.0,23.0,70697.5,0.0
2,67200,GIFT_BASKET,70686,2,70685.0,11.0,70684.0,22.0,70697,2,70698.0,11.0,70699.0,22.0,70691.5,0.0
2,67300,GIFT_BASKET,70688,2,70687.0,17.0,70686.0,20.0,70699,2,70700.0,17.0,70701.0,20.0,70693.5,0.0
2,67400,GIFT_BASKET,70678,16,70677.0,18.0,,,70690,2,70691.0,16.0,70692.0,18.0,70684.0,0.0
2,67500,GIFT_BASKET,70684,19,70683.0,24.0,,,70697,19,70698.0,24.0,,,70690.5,0.0
2,67600,GIFT_BASKET,70682,18,70681.0,27.0,,,70695,18,70696.0,27.0,,,70688.5,0.0
2,67700,GIFT_BASKET,70690,17,70689.0,22.0,,,70703,17,70704.0,22.0,,,70696.5,0.0
2,67800,GIFT_BASKET,70681,16,70680.0,26.0,,,70694,16,70695.0,26.0,,,70687.5,0.0
2,67900,GIFT_BASKET,70675,20,70674.0,30.0,,,70688,20,70689.0,30.0,,,70681.5,0.0
2,68000,GIFT_BASKET,70682,2,70681.0,13.0,70680.0,19.0,70693,2,70694.0,13.0,70695.0,19.0,70687.5,0.0
2,68100,GIFT_BASKET,70669,2,70668.0,11.0,70667.0,21.0,70680,2,70681.0,11.0,70682.0,21.0,70674.5,0.0
2,68200,GIFT_BASKET,70666,1,70665.0,10.0,70663.0,25.0,70676,1,70678.0,10.0,70679.0,25.0,70671.0,0.0
2,68300,GIFT_BASKET,70670,16,70669.0,27.0,,,70683,16,70684.0,27.0,,,70676.5,0.0
2,68400,GIFT_BASKET,70680,20,70679.0,26.0,,,70693,20,70694.0,26.0,,,70686.5,0.0
2,68500,GIFT_BASKET,70682,15,70681.0,19.0,,,70695,15,70696.0,19.0,,,70688.5,0.0
2,68600,GIFT_BASKET,70676,11,70675.0,22.0,,,70689,11,70690.0,22.0,,,70682.5,0.0
2,68700,GIFT_BASKET,70673,1,70672.0,10.0,70671.0,30.0,70684,1,70685.0,10.0,70686.0,30.0,70678.5,0.0
2,68800,GIFT_BASKET,70688,8,70683.0,2.0,70682.0,19.0,70694,2,70695.0,19.0,70696.0,30.0,70691.0,0.0
2,68900,GIFT_BASKET,70684,1,70683.0,13.0,70682.0,18.0,70695,1,70696.0,13.0,70697.0,18.0,70689.5,0.0
2,69000,GIFT_BASKET,70688,2,70686.0,17.0,70685.0,24.0,70698,2,70700.0,17.0,70701.0,24.0,70693.0,0.0
2,69100,GIFT_BASKET,70696,1,70695.0,13.0,70694.0,24.0,70707,1,70708.0,13.0,70709.0,24.0,70701.5,0.0
2,69200,GIFT_BASKET,70697,14,70696.0,23.0,,,70710,14,70711.0,23.0,,,70703.5,0.0
2,69300,GIFT_BASKET,70691,1,70690.0,17.0,70689.0,23.0,70702,1,70703.0,17.0,70704.0,23.0,70696.5,0.0
2,69400,GIFT_BASKET,70694,2,70689.0,2.0,70688.0,20.0,70700,2,70701.0,20.0,70702.0,23.0,70697.0,0.0
2,69500,GIFT_BASKET,70688,16,70687.0,15.0,,,70700,1,70701.0,20.0,70702.0,15.0,70694.0,0.0
2,69600,GIFT_BASKET,70694,20,70693.0,23.0,,,70707,20,70708.0,23.0,,,70700.5,0.0
2,69700,GIFT_BASKET,70695,2,70694.0,14.0,70693.0,29.0,70706,2,70707.0,14.0,70708.0,29.0,70700.5,0.0
2,69800,GIFT_BASKET,70693,1,70692.0,11.0,70691.0,19.0,70704,1,70705.0,11.0,70706.0,19.0,70698.5,0.0
2,69900,GIFT_BASKET,70692,11,70691.0,18.0,,,70705,11,70706.0,18.0,,,70698.5,0.0
2,70000,GIFT_BASKET,70693,1,70692.0,17.0,70691.0,17.0,70704,1,70705.0,17.0,70706.0,17.0,70698.5,0.0
2,70100,GIFT_BASKET,70697,2,70696.0,17.0,70694.0,27.0,70707,2,70709.0,17.0,70710.0,27.0,70702.0,0.0
2,70200,GIFT_BASKET,70708,16,70707.0,21.0,,,70721,16,70722.0,21.0,,,70714.5,0.0
2,70300,GIFT_BASKET,70699,8,70698.0,29.0,,,70711,1,70712.0,15.0,70713.0,29.0,70705.0,0.0
2,70400,GIFT_BASKET,70691,14,70690.0,15.0,,,70704,14,70705.0,15.0,,,70697.5,0.0
2,70500,GIFT_BASKET,70708,2,70707.0,17.0,70706.0,25.0,70719,2,70720.0,17.0,70721.0,25.0,70713.5,0.0
2,70600,GIFT_BASKET,70707,3,70701.0,20.0,70700.0,19.0,70714,20,70715.0,19.0,,,70710.5,0.0
2,70700,GIFT_BASKET,70699,2,70698.0,16.0,70696.0,30.0,70709,2,70711.0,16.0,70712.0,30.0,70704.0,0.0
2,70800,GIFT_BASKET,70689,1,70688.0,13.0,70687.0,15.0,70700,1,70701.0,13.0,70702.0,15.0,70694.5,0.0
2,70900,GIFT_BASKET,70694,2,70693.0,15.0,70692.0,15.0,70705,2,70706.0,15.0,70707.0,15.0,70699.5,0.0
2,71000,GIFT_BASKET,70694,2,70693.0,19.0,70692.0,25.0,70705,2,70706.0,19.0,70707.0,25.0,70699.5,0.0
2,71100,GIFT_BASKET,70687,2,70686.0,18.0,70685.0,23.0,70698,2,70699.0,18.0,70700.0,23.0,70692.5,0.0
2,71200,GIFT_BASKET,70681,1,70680.0,14.0,70679.0,15.0,70692,1,70693.0,14.0,70694.0,15.0,70686.5,0.0
2,71300,GIFT_BASKET,70673,18,70672.0,15.0,,,70686,18,70687.0,15.0,,,70679.5,0.0
2,71400,GIFT_BASKET,70691,18,70690.0,20.0,,,70697,6,70704.0,18.0,70705.0,20.0,70694.0,0.0
2,71500,GIFT_BASKET,70682,18,70681.0,21.0,,,70695,18,70697.0,21.0,,,70688.5,0.0
2,71600,GIFT_BASKET,70693,2,70692.0,18.0,70691.0,26.0,70704,2,70705.0,18.0,70706.0,26.0,70698.5,0.0
2,71700,GIFT_BASKET,70706,1,70705.0,11.0,70704.0,21.0,70717,1,70718.0,11.0,70719.0,21.0,70711.5,0.0
2,71800,GIFT_BASKET,70708,20,70707.0,17.0,,,70721,20,70722.0,17.0,,,70714.5,0.0
2,71900,GIFT_BASKET,70708,2,70707.0,15.0,70705.0,17.0,70718,2,70720.0,15.0,70721.0,17.0,70713.0,0.0
2,72000,GIFT_BASKET,70704,16,70703.0,17.0,,,70717,16,70718.0,17.0,,,70710.5,0.0
2,72100,GIFT_BASKET,70705,10,70704.0,28.0,,,70718,18,70719.0,28.0,,,70711.5,0.0
2,72200,GIFT_BASKET,70698,14,70697.0,22.0,,,70711,14,70712.0,22.0,,,70704.5,0.0
2,72300,GIFT_BASKET,70714,18,70713.0,22.0,,,70727,18,70728.0,22.0,,,70720.5,0.0
2,72400,GIFT_BASKET,70721,1,70720.0,17.0,70719.0,30.0,70726,7,70732.0,1.0,70733.0,17.0,70723.5,0.0
2,72500,GIFT_BASKET,70728,20,70727.0,20.0,,,70741,20,70742.0,20.0,,,70734.5,0.0
2,72600,GIFT_BASKET,70727,2,70722.0,2.0,70721.0,16.0,70732,2,70734.0,16.0,70735.0,15.0,70729.5,0.0
2,72700,GIFT_BASKET,70715,2,70714.0,13.0,70713.0,18.0,70726,2,70727.0,13.0,70728.0,18.0,70720.5,0.0
2,72800,GIFT_BASKET,70728,1,70727.0,12.0,70726.0,21.0,70739,1,70740.0,12.0,70741.0,21.0,70733.5,0.0
2,72900,GIFT_BASKET,70731,1,70729.0,20.0,70728.0,17.0,70741,1,70743.0,20.0,70744.0,17.0,70736.0,0.0
2,73000,GIFT_BASKET,70734,2,70733.0,16.0,70732.0,29.0,70745,2,70746.0,16.0,70747.0,29.0,70739.5,0.0
2,73100,GIFT_BASKET,70719,1,70718.0,19.0,70717.0,17.0,70730,1,70731.0,19.0,70732.0,17.0,70724.5,0.0
2,73200,GIFT_BASKET,70731,2,70730.0,20.0,70729.0,29.0,70742,2,70743.0,20.0,70744.0,29.0,70736.5,0.0
2,73300,GIFT_BASKET,70725,11,70724.0,22.0,,,70738,11,70739.0,22.0,,,70731.5,0.0
2,73400,GIFT_BASKET,70720,1,70719.0,20.0,70718.0,27.0,70731,1,70732.0,20.0,70733.0,27.0,70725.5,0.0
2,73500,GIFT_BASKET,70722,11,70721.0,23.0,,,70735,11,70736.0,23.0,,,70728.5,0.0
2,73600,GIFT_BASKET,70734,2,70733.0,15.0,70732.0,30.0,70745,2,70746.0,15.0,70747.0,30.0,70739.5,0.0
2,73700,GIFT_BASKET,70733,17,70731.0,18.0,,,70746,17,70747.0,18.0,,,70739.5,0.0
2,73800,GIFT_BASKET,70738,1,70737.0,20.0,70736.0,17.0,70749,1,70750.0,20.0,70751.0,17.0,70743.5,0.0
2,73900,GIFT_BASKET,70751,20,70750.0,29.0,,,70764,20,70765.0,29.0,,,70757.5,0.0
2,74000,GIFT_BASKET,70751,1,70750.0,14.0,70749.0,27.0,70762,1,70763.0,14.0,70764.0,27.0,70756.5,0.0
2,74100,GIFT_BASKET,70756,7,70750.0,17.0,70749.0,26.0,70763,17,70764.0,26.0,,,70759.5,0.0
2,74200,GIFT_BASKET,70754,1,70753.0,18.0,70752.0,29.0,70765,1,70766.0,18.0,70767.0,29.0,70759.5,0.0
2,74300,GIFT_BASKET,70748,2,70747.0,19.0,70746.0,30.0,70759,2,70760.0,19.0,70761.0,30.0,70753.5,0.0
2,74400,GIFT_BASKET,70745,1,70744.0,19.0,70743.0,19.0,70756,1,70757.0,19.0,70758.0,19.0,70750.5,0.0
2,74500,GIFT_BASKET,70754,10,70753.0,24.0,,,70766,2,70767.0,15.0,70768.0,24.0,70760.0,0.0
2,74600,GIFT_BASKET,70737,1,70736.0,13.0,70735.0,15.0,70748,1,70749.0,13.0,70750.0,15.0,70742.5,0.0
2,74700,GIFT_BASKET,70745,1,70744.0,14.0,70743.0,18.0,70756,1,70757.0,14.0,70758.0,18.0,70750.5,0.0
2,74800,GIFT_BASKET,70748,2,70747.0,11.0,70746.0,19.0,70759,2,70760.0,11.0,70761.0,19.0,70753.5,0.0
2,74900,GIFT_BASKET,70742,1,70741.0,16.0,70740.0,19.0,70753,1,70754.0,16.0,70755.0,19.0,70747.5,0.0
2,75000,GIFT_BASKET,70746,17,70745.0,19.0,,,70759,17,70760.0,19.0,,,70752.5,0.0
2,75100,GIFT_BASKET,70750,3,70744.0,11.0,70743.0,28.0,70757,11,70758.0,28.0,,,70753.5,0.0
2,75200,GIFT_BASKET,70745,1,70744.0,14.0,70743.0,30.0,70750,2,70756.0,1.0,70757.0,14.0,70747.5,0.0
2,75300,GIFT_BASKET,70739,2,70738.0,17.0,70737.0,15.0,70750,2,70751.0,17.0,70752.0,15.0,70744.5,0.0
2,75400,GIFT_BASKET,70742,1,70740.0,19.0,70739.0,21.0,70752,1,70754.0,19.0,70755.0,21.0,70747.0,0.0
2,75500,GIFT_BASKET,70734,17,70733.0,16.0,,,70747,17,70748.0,16.0,,,70740.5,0.0
2,75600,GIFT_BASKET,70733,2,70731.0,20.0,70730.0,16.0,70743,2,70745.0,20.0,70746.0,16.0,70738.0,0.0
2,75700,GIFT_BASKET,70729,2,70728.0,12.0,70727.0,22.0,70740,2,70741.0,12.0,70742.0,22.0,70734.5,0.0
2,75800,GIFT_BASKET,70742,1,70741.0,16.0,70740.0,17.0,70753,1,70754.0,16.0,70755.0,17.0,70747.5,0.0
2,75900,GIFT_BASKET,70740,2,70739.0,18.0,70738.0,24.0,70751,2,70752.0,18.0,70753.0,24.0,70745.5,0.0
2,76000,GIFT_BASKET,70743,2,70742.0,16.0,70741.0,16.0,70754,2,70755.0,16.0,70756.0,16.0,70748.5,0.0
2,76100,GIFT_BASKET,70754,12,70753.0,24.0,,,70767,12,70768.0,24.0,,,70760.5,0.0
2,76200,GIFT_BASKET,70751,2,70750.0,14.0,70749.0,26.0,70762,2,70763.0,14.0,70764.0,26.0,70756.5,0.0
2,76300,GIFT_BASKET,70749,1,70748.0,10.0,70747.0,23.0,70760,1,70761.0,10.0,70762.0,23.0,70754.5,0.0
2,76400,GIFT_BASKET,70743,2,70742.0,13.0,70741.0,21.0,70754,2,70755.0,13.0,70756.0,21.0,70748.5,0.0
2,76500,GIFT_BASKET,70759,1,70758.0,17.0,70757.0,16.0,70770,1,70771.0,17.0,70772.0,16.0,70764.5,0.0
2,76600,GIFT_BASKET,70757,2,70756.0,14.0,70755.0,28.0,70768,2,70769.0,14.0,70770.0,28.0,70762.5,0.0
2,76700,GIFT_BASKET,70754,2,70753.0,16.0,70752.0,29.0,70759,7,70765.0,2.0,70766.0,16.0,70756.5,0.0
2,76800,GIFT_BASKET,70751,2,70750.0,13.0,70749.0,27.0,70762,2,70763.0,13.0,70764.0,27.0,70756.5,0.0
2,76900,GIFT_BASKET,70733,1,70732.0,12.0,70731.0,24.0,70744,1,70745.0,12.0,70746.0,24.0,70738.5,0.0
2,77000,GIFT_BASKET,70720,1,70719.0,12.0,70718.0,20.0,70731,1,70732.0,12.0,70733.0,20.0,70725.5,0.0
2,77100,GIFT_BASKET,70717,10,70716.0,29.0,,,70730,10,70731.0,29.0,,,70723.5,0.0
2,77200,GIFT_BASKET,70725,2,70724.0,16.0,70723.0,22.0,70736,2,70737.0,16.0,70738.0,22.0,70730.5,0.0
2,77300,GIFT_BASKET,70724,1,70723.0,19.0,70722.0,30.0,70735,1,70736.0,19.0,70737.0,30.0,70729.5,0.0
2,77400,GIFT_BASKET,70713,2,70712.0,19.0,70711.0,30.0,70724,2,70725.0,19.0,70726.0,30.0,70718.5,0.0
2,77500,GIFT_BASKET,70722,2,70721.0,18.0,70720.0,28.0,70733,2,70734.0,18.0,70735.0,28.0,70727.5,0.0
2,77600,GIFT_BASKET,70736,1,70735.0,20.0,70734.0,23.0,70747,1,70748.0,20.0,70750.0,23.0,70741.5,0.0
2,77700,GIFT_BASKET,70739,2,70738.0,10.0,70737.0,24.0,70750,2,70751.0,10.0,70752.0,24.0,70744.5,0.0
2,77800,GIFT_BASKET,70741,2,70740.0,14.0,70739.0,15.0,70752,2,70753.0,14.0,70754.0,15.0,70746.5,0.0
2,77900,GIFT_BASKET,70737,1,70736.0,12.0,70735.0,27.0,70748,1,70749.0,12.0,70750.0,27.0,70742.5,0.0
2,78000,GIFT_BASKET,70737,2,70736.0,20.0,70735.0,29.0,70748,2,70749.0,20.0,70750.0,29.0,70742.5,0.0
2,78100,GIFT_BASKET,70738,1,70737.0,10.0,70736.0,20.0,70749,1,70750.0,10.0,70751.0,20.0,70743.5,0.0
2,78200,GIFT_BASKET,70748,3,70742.0,12.0,70741.0,22.0,70755,12,70756.0,22.0,,,70751.5,0.0
2,78300,GIFT_BASKET,70733,19,70732.0,24.0,,,70746,19,70747.0,24.0,,,70739.5,0.0
2,78400,GIFT_BASKET,70725,2,70724.0,15.0,70723.0,29.0,70736,2,70737.0,15.0,70738.0,29.0,70730.5,0.0
2,78500,GIFT_BASKET,70715,20,70714.0,19.0,,,70728,20,70730.0,19.0,,,70721.5,0.0
2,78600,GIFT_BASKET,70719,11,70718.0,29.0,,,70732,11,70733.0,29.0,,,70725.5,0.0
2,78700,GIFT_BASKET,70735,2,70733.0,15.0,70732.0,16.0,70745,2,70746.0,15.0,70748.0,16.0,70740.0,0.0
2,78800,GIFT_BASKET,70735,20,70734.0,22.0,,,70748,20,70749.0,22.0,,,70741.5,0.0
2,78900,GIFT_BASKET,70740,2,70739.0,20.0,70738.0,23.0,70751,2,70752.0,20.0,70753.0,23.0,70745.5,0.0
2,79000,GIFT_BASKET,70743,1,70742.0,15.0,70740.0,21.0,70753,1,70755.0,15.0,70756.0,21.0,70748.0,0.0
2,79100,GIFT_BASKET,70741,20,70740.0,24.0,,,70754,20,70755.0,24.0,,,70747.5,0.0
2,79200,GIFT_BASKET,70743,18,70742.0,15.0,,,70756,18,70757.0,15.0,,,70749.5,0.0
2,79300,GIFT_BASKET,70750,1,70749.0,16.0,70748.0,26.0,70761,1,70762.0,16.0,70763.0,26.0,70755.5,0.0
2,79400,GIFT_BASKET,70753,1,70751.0,15.0,70750.0,17.0,70763,1,70765.0,15.0,70766.0,17.0,70758.0,0.0
2,79500,GIFT_BASKET,70756,1,70755.0,13.0,70754.0,28.0,70767,1,70768.0,13.0,70769.0,28.0,70761.5,0.0
2,79600,GIFT_BASKET,70750,16,70749.0,19.0,,,70763,16,70764.0,19.0,,,70756.5,0.0
2,79700,GIFT_BASKET,70742,1,70741.0,16.0,70740.0,18.0,70753,1,70754.0,16.0,70755.0,18.0,70747.5,0.0
2,79800,GIFT_BASKET,70734,1,70733.0,15.0,70732.0,17.0,70745,1,70746.0,15.0,70747.0,17.0,70739.5,0.0
2,79900,GIFT_BASKET,70732,2,70731.0,16.0,70730.0,24.0,70743,2,70744.0,16.0,70745.0,24.0,70737.5,0.0
2,80000,GIFT_BASKET,70742,1,70741.0,18.0,70740.0,30.0,70753,1,70754.0,18.0,70755.0,30.0,70747.5,0.0
2,80100,GIFT_BASKET,70737,16,70736.0,19.0,,,70750,16,70751.0,19.0,,,70743.5,0.0
2,80200,GIFT_BASKET,70723,1,70722.0,12.0,70721.0,19.0,70734,1,70735.0,12.0,70736.0,19.0,70728.5,0.0
2,80300,GIFT_BASKET,70717,14,70716.0,22.0,,,70730,14,70731.0,22.0,,,70723.5,0.0
2,80400,GIFT_BASKET,70705,2,70704.0,18.0,70703.0,24.0,70716,2,70717.0,18.0,70718.0,24.0,70710.5,0.0
2,80500,GIFT_BASKET,70707,11,70706.0,21.0,,,70721,11,70722.0,21.0,,,70714.0,0.0
2,80600,GIFT_BASKET,70708,10,70707.0,21.0,,,70721,10,70722.0,21.0,,,70714.5,0.0
2,80700,GIFT_BASKET,70715,20,70714.0,24.0,,,70728,20,70729.0,24.0,,,70721.5,0.0
2,80800,GIFT_BASKET,70708,2,70706.0,14.0,70705.0,18.0,70718,2,70719.0,14.0,70721.0,18.0,70713.0,0.0
2,80900,GIFT_BASKET,70712,1,70711.0,19.0,70710.0,22.0,70723,1,70724.0,19.0,70725.0,22.0,70717.5,0.0
2,81000,GIFT_BASKET,70718,17,70717.0,15.0,,,70731,17,70732.0,15.0,,,70724.5,0.0
2,81100,GIFT_BASKET,70723,8,70717.0,19.0,70716.0,23.0,70730,19,70731.0,23.0,,,70726.5,0.0
2,81200,GIFT_BASKET,70701,1,70700.0,19.0,70699.0,16.0,70712,1,70713.0,19.0,70714.0,16.0,70706.5,0.0
2,81300,GIFT_BASKET,70699,1,70698.0,17.0,70696.0,17.0,70709,1,70711.0,17.0,70712.0,17.0,70704.0,0.0
2,81400,GIFT_BASKET,70705,2,70704.0,13.0,70703.0,15.0,70716,2,70717.0,13.0,70718.0,15.0,70710.5,0.0
2,81500,GIFT_BASKET,70701,1,70700.0,14.0,70699.0,27.0,70712,1,70713.0,14.0,70714.0,27.0,70706.5,0.0
2,81600,GIFT_BASKET,70711,2,70710.0,17.0,70709.0,23.0,70722,2,70723.0,17.0,70724.0,23.0,70716.5,0.0
2,81700,GIFT_BASKET,70709,1,70708.0,11.0,70707.0,15.0,70720,1,70721.0,11.0,70722.0,15.0,70714.5,0.0
2,81800,GIFT_BASKET,70711,13,70710.0,21.0,,,70724,13,70725.0,21.0,,,70717.5,0.0
2,81900,GIFT_BASKET,70715,6,70704.0,2.0,70703.0,11.0,70716,11,70717.0,29.0,,,70715.5,0.0
2,82000,GIFT_BASKET,70694,15,70693.0,22.0,,,70707,15,70708.0,22.0,,,70700.5,0.0
2,82100,GIFT_BASKET,70689,2,70688.0,15.0,70687.0,29.0,70700,2,70701.0,15.0,70702.0,29.0,70694.5,0.0
2,82200,GIFT_BASKET,70685,1,70684.0,12.0,70683.0,17.0,70696,1,70697.0,12.0,70698.0,17.0,70690.5,0.0
2,82300,GIFT_BASKET,70684,10,70683.0,26.0,,,70697,10,70698.0,26.0,,,70690.5,0.0
2,82400,GIFT_BASKET,70686,2,70685.0,12.0,70684.0,26.0,70697,2,70698.0,12.0,70699.0,26.0,70691.5,0.0
2,82500,GIFT_BASKET,70679,2,70678.0,19.0,70677.0,15.0,70690,2,70691.0,19.0,70692.0,15.0,70684.5,0.0
2,82600,GIFT_BASKET,70693,15,70692.0,27.0,,,70706,15,70707.0,27.0,,,70699.5,0.0
2,82700,GIFT_BASKET,70696,1,70695.0,17.0,70694.0,25.0,70707,1,70708.0,17.0,70709.0,25.0,70701.5,0.0
2,82800,GIFT_BASKET,70699,12,70698.0,29.0,,,70712,12,70713.0,29.0,,,70705.5,0.0
2,82900,GIFT_BASKET,70699,2,70698.0,10.0,70697.0,20.0,70710,2,70711.0,10.0,70712.0,20.0,70704.5,0.0
2,83000,GIFT_BASKET,70708,2,70702.0,14.0,70701.0,18.0,70715,14,70716.0,18.0,,,70711.5,0.0
2,83100,GIFT_BASKET,70720,2,70719.0,14.0,70718.0,15.0,70731,2,70732.0,14.0,70733.0,15.0,70725.5,0.0
2,83200,GIFT_BASKET,70706,4,70701.0,2.0,70700.0,14.0,70712,2,70713.0,14.0,70714.0,15.0,70709.0,0.0
2,83300,GIFT_BASKET,70717,2,70716.0,14.0,70715.0,27.0,70728,2,70729.0,14.0,70730.0,27.0,70722.5,0.0
2,83400,GIFT_BASKET,70719,18,70718.0,22.0,,,70732,18,70733.0,22.0,,,70725.5,0.0
2,83500,GIFT_BASKET,70716,1,70715.0,11.0,70714.0,17.0,70727,1,70728.0,11.0,70729.0,17.0,70721.5,0.0
2,83600,GIFT_BASKET,70718,2,70717.0,12.0,70716.0,25.0,70729,2,70730.0,12.0,70731.0,25.0,70723.5,0.0
2,83700,GIFT_BASKET,70706,2,70705.0,20.0,70704.0,21.0,70717,2,70718.0,20.0,70719.0,21.0,70711.5,0.0
2,83800,GIFT_BASKET,70695,1,70694.0,18.0,70693.0,26.0,70706,1,70707.0,18.0,70708.0,26.0,70700.5,0.0
2,83900,GIFT_BASKET,70702,1,70701.0,13.0,70700.0,26.0,70713,1,70714.0,13.0,70715.0,26.0,70707.5,0.0
2,84000,GIFT_BASKET,70686,14,70685.0,30.0,,,70699,14,70700.0,30.0,,,70692.5,0.0
2,84100,GIFT_BASKET,70710,3,70699.0,2.0,70698.0,18.0,70711,18,70712.0,27.0,,,70710.5,0.0
2,84200,GIFT_BASKET,70698,2,70697.0,14.0,70696.0,21.0,70709,2,70710.0,14.0,70711.0,21.0,70703.5,0.0
2,84300,GIFT_BASKET,70699,2,70698.0,17.0,70697.0,15.0,70710,2,70711.0,17.0,70712.0,15.0,70704.5,0.0
2,84400,GIFT_BASKET,70704,10,70703.0,20.0,,,70717,10,70718.0,20.0,,,70710.5,0.0
2,84500,GIFT_BASKET,70709,1,70708.0,15.0,70707.0,18.0,70720,1,70721.0,15.0,70722.0,18.0,70714.5,0.0
2,84600,GIFT_BASKET,70717,2,70715.0,20.0,70714.0,25.0,70727,2,70729.0,20.0,70730.0,25.0,70722.0,0.0
2,84700,GIFT_BASKET,70718,4,70713.0,2.0,70712.0,11.0,70724,2,70725.0,11.0,70726.0,16.0,70721.0,0.0
2,84800,GIFT_BASKET,70712,13,70711.0,18.0,,,70713,8,70718.0,4.0,70725.0,13.0,70712.5,0.0
2,84900,GIFT_BASKET,70704,1,70703.0,14.0,70702.0,28.0,70715,1,70716.0,14.0,70717.0,28.0,70709.5,0.0
2,85000,GIFT_BASKET,70711,14,70710.0,22.0,,,70724,14,70725.0,22.0,,,70717.5,0.0
2,85100,GIFT_BASKET,70718,7,70712.0,12.0,70711.0,16.0,70725,12,70726.0,16.0,,,70721.5,0.0
2,85200,GIFT_BASKET,70714,12,70713.0,26.0,,,70727,12,70728.0,26.0,,,70720.5,0.0
2,85300,GIFT_BASKET,70705,1,70704.0,12.0,70703.0,17.0,70716,1,70717.0,12.0,70718.0,17.0,70710.5,0.0
2,85400,GIFT_BASKET,70714,3,70708.0,10.0,70707.0,16.0,70721,10,70722.0,16.0,,,70717.5,0.0
2,85500,GIFT_BASKET,70716,1,70715.0,16.0,70714.0,22.0,70727,1,70728.0,16.0,70729.0,22.0,70721.5,0.0
2,85600,GIFT_BASKET,70712,14,70711.0,25.0,,,70725,14,70726.0,25.0,,,70718.5,0.0
2,85700,GIFT_BASKET,70703,2,70702.0,17.0,70701.0,15.0,70714,2,70715.0,17.0,70716.0,15.0,70708.5,0.0
2,85800,GIFT_BASKET,70702,10,70701.0,15.0,,,70715,10,70716.0,15.0,,,70708.5,0.0
2,85900,GIFT_BASKET,70703,7,70698.0,2.0,70697.0,20.0,70709,2,70710.0,20.0,70711.0,21.0,70706.0,0.0
2,86000,GIFT_BASKET,70694,1,70689.0,2.0,70688.0,10.0,70700,2,70701.0,10.0,70702.0,29.0,70697.0,0.0
2,86100,GIFT_BASKET,70685,17,70684.0,30.0,,,70698,17,70699.0,30.0,,,70691.5,0.0
2,86200,GIFT_BASKET,70683,2,70682.0,13.0,70681.0,22.0,70694,2,70695.0,13.0,70696.0,22.0,70688.5,0.0
2,86300,GIFT_BASKET,70696,3,70691.0,2.0,70690.0,11.0,70702,2,70703.0,11.0,70704.0,26.0,70699.0,0.0
2,86400,GIFT_BASKET,70680,1,70679.0,11.0,70678.0,23.0,70691,1,70692.0,11.0,70693.0,23.0,70685.5,0.0
2,86500,GIFT_BASKET,70672,1,70671.0,11.0,70670.0,24.0,70683,1,70684.0,11.0,70686.0,24.0,70677.5,0.0
2,86600,GIFT_BASKET,70666,2,70665.0,17.0,70663.0,22.0,70676,2,70678.0,17.0,70679.0,22.0,70671.0,0.0
2,86700,GIFT_BASKET,70663,13,70662.0,21.0,,,70664,2,70676.0,13.0,70677.0,21.0,70663.5,0.0
2,86800,GIFT_BASKET,70671,2,70670.0,20.0,70669.0,17.0,70682,2,70683.0,20.0,70684.0,17.0,70676.5,0.0
2,86900,GIFT_BASKET,70672,1,70671.0,15.0,70670.0,23.0,70683,1,70684.0,15.0,70685.0,23.0,70677.5,0.0
2,87000,GIFT_BASKET,70669,1,70668.0,11.0,70667.0,20.0,70680,1,70681.0,11.0,70682.0,20.0,70674.5,0.0
2,87100,GIFT_BASKET,70670,1,70669.0,15.0,70668.0,27.0,70681,1,70682.0,15.0,70683.0,27.0,70675.5,0.0
2,87200,GIFT_BASKET,70677,2,70676.0,13.0,70675.0,18.0,70688,2,70689.0,13.0,70690.0,18.0,70682.5,0.0
2,87300,GIFT_BASKET,70683,13,70682.0,15.0,,,70696,13,70697.0,15.0,,,70689.5,0.0
2,87400,GIFT_BASKET,70681,2,70680.0,14.0,70679.0,25.0,70692,2,70693.0,14.0,70694.0,25.0,70686.5,0.0
2,87500,GIFT_BASKET,70677,2,70676.0,14.0,70675.0,25.0,70688,2,70689.0,14.0,70690.0,25.0,70682.5,0.0
2,87600,GIFT_BASKET,70689,1,70688.0,19.0,70687.0,17.0,70700,1,70701.0,19.0,70702.0,17.0,70694.5,0.0
2,87700,GIFT_BASKET,70697,8,70687.0,1.0,70686.0,11.0,70698,1,70699.0,11.0,70700.0,15.0,70697.5,0.0
2,87800,GIFT_BASKET,70682,1,70681.0,19.0,70680.0,26.0,70693,1,70694.0,19.0,70695.0,26.0,70687.5,0.0
2,87900,GIFT_BASKET,70696,1,70695.0,15.0,70694.0,28.0,70707,1,70708.0,15.0,70709.0,28.0,70701.5,0.0
2,88000,GIFT_BASKET,70693,1,70692.0,18.0,70691.0,23.0,70704,1,70705.0,18.0,70706.0,23.0,70698.5,0.0
2,88100,GIFT_BASKET,70698,1,70697.0,10.0,70696.0,18.0,70709,1,70710.0,10.0,70711.0,18.0,70703.5,0.0
2,88200,GIFT_BASKET,70683,1,70682.0,17.0,70681.0,24.0,70694,1,70695.0,17.0,70696.0,24.0,70688.5,0.0
2,88300,GIFT_BASKET,70691,2,70690.0,19.0,70689.0,15.0,70702,2,70703.0,19.0,70704.0,15.0,70696.5,0.0
2,88400,GIFT_BASKET,70694,1,70693.0,12.0,70692.0,24.0,70705,1,70706.0,12.0,70707.0,24.0,70699.5,0.0
2,88500,GIFT_BASKET,70692,2,70691.0,12.0,70690.0,27.0,70703,2,70704.0,12.0,70705.0,27.0,70697.5,0.0
2,88600,GIFT_BASKET,70705,2,70700.0,1.0,70699.0,13.0,70711,1,70712.0,13.0,70713.0,24.0,70708.0,0.0
2,88700,GIFT_BASKET,70697,1,70696.0,17.0,70695.0,21.0,70708,1,70709.0,17.0,70710.0,21.0,70702.5,0.0
2,88800,GIFT_BASKET,70702,2,70701.0,10.0,70700.0,20.0,70713,2,70714.0,10.0,70715.0,20.0,70707.5,0.0
2,88900,GIFT_BASKET,70711,1,70710.0,13.0,70709.0,17.0,70722,1,70723.0,13.0,70724.0,17.0,70716.5,0.0
2,89000,GIFT_BASKET,70707,15,70706.0,22.0,,,70720,15,70721.0,22.0,,,70713.5,0.0
2,89100,GIFT_BASKET,70725,15,70724.0,25.0,,,70738,15,70739.0,25.0,,,70731.5,0.0
2,89200,GIFT_BASKET,70712,17,70711.0,25.0,,,70725,17,70726.0,25.0,,,70718.5,0.0
2,89300,GIFT_BASKET,70703,1,70702.0,15.0,70701.0,24.0,70714,1,70715.0,15.0,70716.0,24.0,70708.5,0.0
2,89400,GIFT_BASKET,70706,1,70705.0,11.0,70704.0,21.0,70717,1,70718.0,11.0,70719.0,21.0,70711.5,0.0
2,89500,GIFT_BASKET,70706,15,70705.0,18.0,,,70719,15,70720.0,18.0,,,70712.5,0.0
2,89600,GIFT_BASKET,70693,3,70688.0,2.0,70687.0,11.0,70699,2,70700.0,11.0,70701.0,28.0,70696.0,0.0
2,89700,GIFT_BASKET,70674,15,70673.0,17.0,,,70687,15,70688.0,17.0,,,70680.5,0.0
2,89800,GIFT_BASKET,70686,16,70685.0,27.0,,,70699,16,70701.0,27.0,,,70692.5,0.0
2,89900,GIFT_BASKET,70701,3,70695.0,14.0,70694.0,27.0,70708,14,70709.0,27.0,,,70704.5,0.0
2,90000,GIFT_BASKET,70703,2,70702.0,16.0,70700.0,24.0,70713,2,70715.0,16.0,70716.0,24.0,70708.0,0.0
2,90100,GIFT_BASKET,70700,10,70699.0,19.0,,,70713,10,70714.0,19.0,,,70706.5,0.0
2,90200,GIFT_BASKET,70693,2,70692.0,13.0,70691.0,28.0,70704,2,70705.0,13.0,70706.0,28.0,70698.5,0.0
2,90300,GIFT_BASKET,70699,1,70698.0,11.0,70697.0,18.0,70710,1,70711.0,11.0,70712.0,18.0,70704.5,0.0
2,90400,GIFT_BASKET,70693,1,70692.0,10.0,70691.0,22.0,70704,1,70705.0,10.0,70706.0,22.0,70698.5,0.0
2,90500,GIFT_BASKET,70699,17,70698.0,26.0,,,70712,17,70713.0,26.0,,,70705.5,0.0
2,90600,GIFT_BASKET,70699,2,70697.0,14.0,70696.0,20.0,70709,2,70710.0,14.0,70712.0,20.0,70704.0,0.0
2,90700,GIFT_BASKET,70700,6,70699.0,15.0,,,70712,2,70713.0,12.0,70714.0,15.0,70706.0,0.0
2,90800,GIFT_BASKET,70705,2,70704.0,11.0,70703.0,15.0,70716,2,70717.0,11.0,70718.0,15.0,70710.5,0.0
2,90900,GIFT_BASKET,70713,1,70712.0,11.0,70711.0,15.0,70724,1,70725.0,11.0,70726.0,15.0,70718.5,0.0
2,91000,GIFT_BASKET,70725,2,70724.0,15.0,70723.0,26.0,70736,2,70737.0,15.0,70738.0,26.0,70730.5,0.0
2,91100,GIFT_BASKET,70731,2,70730.0,11.0,70729.0,25.0,70742,2,70743.0,11.0,70744.0,25.0,70736.5,0.0
2,91200,GIFT_BASKET,70722,12,70721.0,30.0,,,70735,12,70736.0,30.0,,,70728.5,0.0
2,91300,GIFT_BASKET,70741,1,70739.0,15.0,70738.0,25.0,70751,1,70752.0,15.0,70754.0,25.0,70746.0,0.0
2,91400,GIFT_BASKET,70742,2,70741.0,14.0,70740.0,18.0,70753,2,70754.0,14.0,70755.0,18.0,70747.5,0.0
2,91500,GIFT_BASKET,70739,2,70738.0,19.0,70737.0,20.0,70750,2,70751.0,19.0,70752.0,20.0,70744.5,0.0
2,91600,GIFT_BASKET,70731,2,70729.0,19.0,70728.0,26.0,70741,2,70743.0,19.0,70744.0,26.0,70736.0,0.0
2,91700,GIFT_BASKET,70736,3,70730.0,14.0,70729.0,19.0,70743,14,70744.0,19.0,,,70739.5,0.0
2,91800,GIFT_BASKET,70733,10,70732.0,18.0,,,70734,1,70745.0,2.0,70746.0,10.0,70733.5,0.0
2,91900,GIFT_BASKET,70746,15,70745.0,30.0,,,70759,15,70760.0,30.0,,,70752.5,0.0
2,92000,GIFT_BASKET,70756,2,70751.0,2.0,70750.0,19.0,70762,2,70763.0,19.0,70764.0,19.0,70759.0,0.0
2,92100,GIFT_BASKET,70750,10,70749.0,15.0,,,70756,2,70763.0,10.0,70764.0,15.0,70753.0,0.0
2,92200,GIFT_BASKET,70757,1,70756.0,18.0,70755.0,23.0,70768,1,70769.0,18.0,70770.0,23.0,70762.5,0.0
2,92300,GIFT_BASKET,70741,20,70740.0,27.0,,,70754,20,70755.0,27.0,,,70747.5,0.0
2,92400,GIFT_BASKET,70741,12,70740.0,27.0,,,70754,12,70756.0,27.0,,,70747.5,0.0
2,92500,GIFT_BASKET,70735,1,70734.0,17.0,70733.0,25.0,70746,1,70747.0,17.0,70748.0,25.0,70740.5,0.0
2,92600,GIFT_BASKET,70737,1,70736.0,11.0,70735.0,25.0,70742,6,70748.0,1.0,70749.0,11.0,70739.5,0.0
2,92700,GIFT_BASKET,70730,2,70728.0,17.0,70727.0,30.0,70740,2,70741.0,17.0,70743.0,30.0,70735.0,0.0
2,92800,GIFT_BASKET,70735,2,70734.0,15.0,70733.0,23.0,70746,2,70747.0,15.0,70748.0,23.0,70740.5,0.0
2,92900,GIFT_BASKET,70740,20,70739.0,15.0,,,70753,20,70754.0,15.0,,,70746.5,0.0
2,93000,GIFT_BASKET,70737,2,70736.0,11.0,70735.0,28.0,70748,2,70749.0,11.0,70750.0,28.0,70742.5,0.0
2,93100,GIFT_BASKET,70742,1,70741.0,20.0,70740.0,25.0,70753,1,70754.0,20.0,70755.0,25.0,70747.5,0.0
2,93200,GIFT_BASKET,70731,17,70730.0,23.0,,,70744,17,70745.0,23.0,,,70737.5,0.0
2,93300,GIFT_BASKET,70742,2,70740.0,20.0,70739.0,17.0,70752,2,70754.0,20.0,70755.0,17.0,70747.0,0.0
2,93400,GIFT_BASKET,70749,1,70748.0,20.0,70747.0,26.0,70760,1,70761.0,20.0,70762.0,26.0,70754.5,0.0
2,93500,GIFT_BASKET,70756,2,70755.0,11.0,70754.0,23.0,70767,2,70768.0,11.0,70769.0,23.0,70761.5,0.0
2,93600,GIFT_BASKET,70761,2,70760.0,11.0,70759.0,19.0,70772,2,70773.0,11.0,70774.0,19.0,70766.5,0.0
2,93700,GIFT_BASKET,70758,12,70757.0,20.0,,,70771,12,70772.0,20.0,,,70764.5,0.0
2,93800,GIFT_BASKET,70751,2,70750.0,12.0,70749.0,30.0,70762,2,70763.0,12.0,70764.0,30.0,70756.5,0.0
2,93900,GIFT_BASKET,70753,2,70752.0,12.0,70751.0,25.0,70764,2,70765.0,12.0,70766.0,25.0,70758.5,0.0
2,94000,GIFT_BASKET,70738,2,70737.0,15.0,70736.0,22.0,70749,2,70750.0,15.0,70751.0,22.0,70743.5,0.0
2,94100,GIFT_BASKET,70734,2,70733.0,14.0,70731.0,28.0,70744,2,70746.0,14.0,70747.0,28.0,70739.0,0.0
2,94200,GIFT_BASKET,70734,1,70733.0,12.0,70732.0,18.0,70745,1,70746.0,12.0,70747.0,18.0,70739.5,0.0
2,94300,GIFT_BASKET,70730,1,70729.0,20.0,70728.0,30.0,70741,1,70742.0,20.0,70743.0,30.0,70735.5,0.0
2,94400,GIFT_BASKET,70730,2,70729.0,15.0,70728.0,16.0,70741,2,70742.0,15.0,70743.0,16.0,70735.5,0.0
2,94500,GIFT_BASKET,70728,1,70727.0,19.0,70726.0,25.0,70733,3,70739.0,1.0,70740.0,19.0,70730.5,0.0
2,94600,GIFT_BASKET,70715,16,70714.0,28.0,,,70728,16,70729.0,28.0,,,70721.5,0.0
2,94700,GIFT_BASKET,70714,1,70713.0,15.0,70712.0,23.0,70725,1,70726.0,15.0,70727.0,23.0,70719.5,0.0
2,94800,GIFT_BASKET,70696,1,70695.0,14.0,70694.0,23.0,70707,1,70708.0,14.0,70709.0,23.0,70701.5,0.0
2,94900,GIFT_BASKET,70700,2,70699.0,13.0,70698.0,17.0,70711,2,70712.0,13.0,70713.0,17.0,70705.5,0.0
2,95000,GIFT_BASKET,70708,13,70706.0,21.0,,,70714,8,70721.0,13.0,70722.0,21.0,70711.0,0.0
2,95100,GIFT_BASKET,70718,12,70717.0,26.0,,,70731,12,70732.0,26.0,,,70724.5,0.0
2,95200,GIFT_BASKET,70713,2,70712.0,20.0,70711.0,30.0,70718,6,70724.0,2.0,70725.0,20.0,70715.5,0.0
2,95300,GIFT_BASKET,70702,2,70701.0,13.0,70700.0,15.0,70713,2,70714.0,13.0,70715.0,15.0,70707.5,0.0
2,95400,GIFT_BASKET,70699,2,70698.0,13.0,70697.0,27.0,70710,2,70711.0,13.0,70712.0,27.0,70704.5,0.0
2,95500,GIFT_BASKET,70692,16,70691.0,21.0,,,70693,5,70705.0,16.0,70706.0,21.0,70692.5,0.0
2,95600,GIFT_BASKET,70693,1,70692.0,14.0,70691.0,26.0,70704,1,70705.0,14.0,70706.0,26.0,70698.5,0.0
2,95700,GIFT_BASKET,70694,1,70692.0,15.0,70691.0,27.0,70704,1,70705.0,15.0,70707.0,27.0,70699.0,0.0
2,95800,GIFT_BASKET,70674,2,70673.0,10.0,70672.0,24.0,70685,2,70686.0,10.0,70687.0,24.0,70679.5,0.0
2,95900,GIFT_BASKET,70676,1,70675.0,16.0,70674.0,22.0,70687,1,70688.0,16.0,70689.0,22.0,70681.5,0.0
2,96000,GIFT_BASKET,70659,1,70658.0,20.0,70657.0,17.0,70670,1,70671.0,20.0,70672.0,17.0,70664.5,0.0
2,96100,GIFT_BASKET,70653,19,70652.0,27.0,,,70666,19,70667.0,27.0,,,70659.5,0.0
2,96200,GIFT_BASKET,70661,14,70660.0,18.0,,,70674,14,70675.0,18.0,,,70667.5,0.0
2,96300,GIFT_BASKET,70660,2,70659.0,17.0,70658.0,26.0,70671,2,70672.0,17.0,70673.0,26.0,70665.5,0.0
2,96400,GIFT_BASKET,70663,18,70662.0,20.0,,,70676,18,70677.0,20.0,,,70669.5,0.0
2,96500,GIFT_BASKET,70669,17,70668.0,24.0,,,70682,17,70683.0,24.0,,,70675.5,0.0
2,96600,GIFT_BASKET,70681,2,70680.0,13.0,70679.0,20.0,70692,2,70693.0,13.0,70694.0,20.0,70686.5,0.0
2,96700,GIFT_BASKET,70664,11,70663.0,19.0,,,70677,11,70678.0,19.0,,,70670.5,0.0
2,96800,GIFT_BASKET,70657,10,70656.0,15.0,,,70670,10,70671.0,15.0,,,70663.5,0.0
2,96900,GIFT_BASKET,70661,1,70660.0,18.0,70659.0,20.0,70672,1,70673.0,18.0,70674.0,20.0,70666.5,0.0
2,97000,GIFT_BASKET,70657,2,70656.0,13.0,70655.0,30.0,70668,2,70669.0,13.0,70670.0,30.0,70662.5,0.0
2,97100,GIFT_BASKET,70657,20,70656.0,29.0,,,70670,20,70671.0,29.0,,,70663.5,0.0
2,97200,GIFT_BASKET,70657,2,70656.0,13.0,70655.0,30.0,70668,2,70669.0,13.0,70670.0,30.0,70662.5,0.0
2,97300,GIFT_BASKET,70657,17,70656.0,28.0,,,70670,17,70671.0,28.0,,,70663.5,0.0
2,97400,GIFT_BASKET,70669,1,70668.0,20.0,70667.0,26.0,70680,1,70681.0,20.0,70683.0,26.0,70674.5,0.0
2,97500,GIFT_BASKET,70676,17,70675.0,19.0,,,70689,17,70690.0,19.0,,,70682.5,0.0
2,97600,GIFT_BASKET,70670,9,70669.0,19.0,,,70682,1,70683.0,12.0,70684.0,19.0,70676.0,0.0
2,97700,GIFT_BASKET,70675,2,70674.0,12.0,70673.0,25.0,70686,2,70687.0,12.0,70688.0,25.0,70680.5,0.0
2,97800,GIFT_BASKET,70687,7,70682.0,2.0,70681.0,19.0,70693,2,70694.0,19.0,70695.0,15.0,70690.0,0.0
2,97900,GIFT_BASKET,70689,2,70688.0,14.0,70687.0,15.0,70694,2,70700.0,2.0,70701.0,14.0,70691.5,0.0
2,98000,GIFT_BASKET,70693,1,70692.0,14.0,70691.0,23.0,70704,1,70705.0,14.0,70706.0,23.0,70698.5,0.0
2,98100,GIFT_BASKET,70704,1,70703.0,11.0,70702.0,28.0,70715,1,70716.0,11.0,70717.0,28.0,70709.5,0.0
2,98200,GIFT_BASKET,70715,19,70713.0,26.0,,,70728,19,70729.0,26.0,,,70721.5,0.0
2,98300,GIFT_BASKET,70711,20,70710.0,15.0,,,70712,1,70723.0,1.0,70724.0,20.0,70711.5,0.0
2,98400,GIFT_BASKET,70718,2,70717.0,16.0,70716.0,29.0,70729,2,70730.0,16.0,70731.0,29.0,70723.5,0.0
2,98500,GIFT_BASKET,70710,14,70709.0,26.0,,,70723,14,70724.0,26.0,,,70716.5,0.0
2,98600,GIFT_BASKET,70721,1,70716.0,2.0,70715.0,17.0,70727,2,70728.0,17.0,70729.0,25.0,70724.0,0.0
2,98700,GIFT_BASKET,70713,2,70712.0,20.0,70711.0,15.0,70724,2,70725.0,20.0,70726.0,15.0,70718.5,0.0
2,98800,GIFT_BASKET,70716,19,70715.0,29.0,,,70729,19,70730.0,29.0,,,70722.5,0.0
2,98900,GIFT_BASKET,70706,13,70705.0,20.0,,,70719,13,70720.0,20.0,,,70712.5,0.0
2,99000,GIFT_BASKET,70697,1,70696.0,18.0,70695.0,26.0,70708,1,70709.0,18.0,70710.0,26.0,70702.5,0.0
2,99100,GIFT_BASKET,70705,2,70703.0,19.0,70702.0,19.0,70715,2,70716.0,19.0,70718.0,19.0,70710.0,0.0
2,99200,GIFT_BASKET,70706,1,70705.0,10.0,70704.0,16.0,70717,1,70718.0,10.0,70719.0,16.0,70711.5,0.0
2,99300,GIFT_BASKET,70707,6,70702.0,2.0,70701.0,18.0,70713,2,70714.0,18.0,70715.0,26.0,70710.0,0.0
2,99400,GIFT_BASKET,70701,2,70700.0,18.0,70699.0,21.0,70712,2,70713.0,18.0,70714.0,21.0,70706.5,0.0
2,99500,GIFT_BASKET,70703,2,70702.0,10.0,70700.0,19.0,70713,2,70715.0,10.0,70716.0,19.0,70708.0,0.0
2,99600,GIFT_BASKET,70712,2,70711.0,12.0,70710.0,24.0,70723,2,70724.0,12.0,70725.0,24.0,70717.5,0.0
2,99700,GIFT_BASKET,70714,2,70713.0,20.0,70712.0,17.0,70725,2,70726.0,20.0,70727.0,17.0,70719.5,0.0
2,99800,GIFT_BASKET,70718,1,70717.0,16.0,70716.0,21.0,70729,1,70730.0,16.0,70731.0,21.0,70723.5,0.0
2,99900,GIFT_BASKET,70729,14,70728.0,29.0,,,70742,14,70743.0,29.0,,,70735.5,0.0
2,100000,GIFT_BASKET,70731,2,70730.0,11.0,70729.0,19.0,70742,2,70743.0,11.0,70744.0,19.0,70736.5,0.0
2,100100,GIFT_BASKET,70729,14,70728.0,20.0,,,70742,14,70743.0,20.0,,,70735.5,0.0
2,100200,GIFT_BASKET,70724,2,70723.0,17.0,70722.0,29.0,70735,2,70736.0,17.0,70737.0,29.0,70729.5,0.0
2,100300,GIFT_BASKET,70712,16,70711.0,21.0,,,70718,4,70725.0,16.0,70726.0,21.0,70715.0,0.0
2,100400,GIFT_BASKET,70724,2,70723.0,12.0,70722.0,16.0,70735,2,70736.0,12.0,70737.0,16.0,70729.5,0.0
2,100500,GIFT_BASKET,70717,10,70716.0,24.0,,,70730,10,70731.0,24.0,,,70723.5,0.0
2,100600,GIFT_BASKET,70710,1,70709.0,14.0,70708.0,25.0,70721,1,70722.0,14.0,70723.0,25.0,70715.5,0.0
2,100700,GIFT_BASKET,70727,2,70725.0,13.0,70724.0,17.0,70737,2,70738.0,13.0,70740.0,17.0,70732.0,0.0
2,100800,GIFT_BASKET,70743,11,70742.0,17.0,,,70756,11,70757.0,17.0,,,70749.5,0.0
2,100900,GIFT_BASKET,70751,8,70745.0,17.0,70744.0,19.0,70758,17,70759.0,19.0,,,70754.5,0.0
2,101000,GIFT_BASKET,70751,1,70750.0,11.0,70749.0,19.0,70762,1,70763.0,11.0,70764.0,19.0,70756.5,0.0
2,101100,GIFT_BASKET,70751,1,70750.0,13.0,70749.0,20.0,70762,1,70763.0,13.0,70764.0,20.0,70756.5,0.0
2,101200,GIFT_BASKET,70764,2,70763.0,20.0,70762.0,17.0,70775,2,70776.0,20.0,70778.0,17.0,70769.5,0.0
2,101300,GIFT_BASKET,70770,1,70769.0,17.0,70768.0,29.0,70781,1,70782.0,17.0,70783.0,29.0,70775.5,0.0
2,101400,GIFT_BASKET,70773,10,70772.0,24.0,,,70786,10,70787.0,24.0,,,70779.5,0.0
2,101500,GIFT_BASKET,70786,2,70785.0,13.0,70784.0,23.0,70797,2,70798.0,13.0,70799.0,23.0,70791.5,0.0
2,101600,GIFT_BASKET,70783,17,70782.0,25.0,,,70796,17,70797.0,25.0,,,70789.5,0.0
2,101700,GIFT_BASKET,70789,10,70788.0,24.0,,,70802,10,70803.0,24.0,,,70795.5,0.0
2,101800,GIFT_BASKET,70777,14,70776.0,26.0,,,70791,14,70792.0,26.0,,,70784.0,0.0
2,101900,GIFT_BASKET,70787,2,70782.0,2.0,70781.0,11.0,70793,2,70794.0,11.0,70795.0,15.0,70790.0,0.0
2,102000,GIFT_BASKET,70774,1,70773.0,17.0,70772.0,30.0,70785,1,70786.0,17.0,70787.0,30.0,70779.5,0.0
2,102100,GIFT_BASKET,70763,12,70762.0,29.0,,,70776,12,70777.0,29.0,,,70769.5,0.0
2,102200,GIFT_BASKET,70750,2,70749.0,18.0,70748.0,24.0,70761,2,70762.0,18.0,70763.0,24.0,70755.5,0.0
2,102300,GIFT_BASKET,70746,2,70745.0,12.0,70744.0,27.0,70757,2,70758.0,12.0,70759.0,27.0,70751.5,0.0
2,102400,GIFT_BASKET,70736,14,70735.0,30.0,,,70749,14,70750.0,30.0,,,70742.5,0.0
2,102500,GIFT_BASKET,70739,1,70738.0,14.0,70737.0,23.0,70750,1,70751.0,14.0,70752.0,23.0,70744.5,0.0
2,102600,GIFT_BASKET,70740,19,70739.0,28.0,,,70753,19,70754.0,28.0,,,70746.5,0.0
2,102700,GIFT_BASKET,70746,1,70745.0,11.0,70743.0,30.0,70757,1,70758.0,11.0,70759.0,30.0,70751.5,0.0
2,102800,GIFT_BASKET,70754,1,70752.0,13.0,70751.0,27.0,70758,2,70764.0,1.0,70765.0,13.0,70756.0,0.0
2,102900,GIFT_BASKET,70751,2,70750.0,10.0,70749.0,21.0,70762,2,70763.0,10.0,70764.0,21.0,70756.5,0.0
2,103000,GIFT_BASKET,70768,2,70767.0,20.0,70766.0,19.0,70779,2,70780.0,20.0,70781.0,19.0,70773.5,0.0
2,103100,GIFT_BASKET,70754,1,70753.0,19.0,70752.0,29.0,70765,1,70766.0,19.0,70767.0,29.0,70759.5,0.0
2,103200,GIFT_BASKET,70754,1,70753.0,19.0,70752.0,23.0,70765,1,70766.0,19.0,70767.0,23.0,70759.5,0.0
2,103300,GIFT_BASKET,70755,1,70754.0,12.0,70753.0,26.0,70766,1,70767.0,12.0,70768.0,26.0,70760.5,0.0
2,103400,GIFT_BASKET,70748,16,70747.0,18.0,,,70761,16,70762.0,18.0,,,70754.5,0.0
2,103500,GIFT_BASKET,70735,1,70734.0,15.0,70733.0,25.0,70746,1,70747.0,15.0,70748.0,25.0,70740.5,0.0
2,103600,GIFT_BASKET,70748,1,70743.0,2.0,70742.0,12.0,70754,2,70755.0,12.0,70756.0,18.0,70751.0,0.0
2,103700,GIFT_BASKET,70749,1,70748.0,14.0,70747.0,24.0,70754,1,70760.0,1.0,70761.0,14.0,70751.5,0.0
2,103800,GIFT_BASKET,70747,18,70746.0,24.0,,,70760,18,70762.0,24.0,,,70753.5,0.0
2,103900,GIFT_BASKET,70749,19,70748.0,15.0,,,70762,19,70763.0,15.0,,,70755.5,0.0
2,104000,GIFT_BASKET,70740,2,70739.0,20.0,70738.0,16.0,70751,2,70752.0,20.0,70753.0,16.0,70745.5,0.0
2,104100,GIFT_BASKET,70733,19,70732.0,29.0,,,70746,19,70747.0,29.0,,,70739.5,0.0
2,104200,GIFT_BASKET,70743,3,70738.0,2.0,70737.0,16.0,70749,2,70750.0,16.0,70751.0,15.0,70746.0,0.0
2,104300,GIFT_BASKET,70741,2,70740.0,20.0,70739.0,30.0,70752,2,70753.0,20.0,70754.0,30.0,70746.5,0.0
2,104400,GIFT_BASKET,70744,1,70743.0,13.0,70742.0,15.0,70755,1,70756.0,13.0,70757.0,15.0,70749.5,0.0
2,104500,GIFT_BASKET,70757,2,70756.0,20.0,70755.0,28.0,70768,2,70769.0,20.0,70770.0,28.0,70762.5,0.0
2,104600,GIFT_BASKET,70763,12,70762.0,24.0,,,70776,12,70777.0,24.0,,,70769.5,0.0
2,104700,GIFT_BASKET,70758,1,70757.0,17.0,70756.0,26.0,70769,1,70770.0,17.0,70771.0,26.0,70763.5,0.0
2,104800,GIFT_BASKET,70769,1,70768.0,20.0,70767.0,24.0,70780,1,70781.0,20.0,70782.0,24.0,70774.5,0.0
2,104900,GIFT_BASKET,70761,2,70760.0,14.0,70759.0,16.0,70772,2,70773.0,14.0,70774.0,16.0,70766.5,0.0
2,105000,GIFT_BASKET,70753,2,70752.0,13.0,70751.0,22.0,70764,2,70765.0,13.0,70766.0,22.0,70758.5,0.0
2,105100,GIFT_BASKET,70748,2,70747.0,14.0,70746.0,15.0,70759,2,70760.0,14.0,70761.0,15.0,70753.5,0.0
2,105200,GIFT_BASKET,70749,18,70748.0,20.0,,,70763,18,70764.0,20.0,,,70756.0,0.0
2,105300,GIFT_BASKET,70748,1,70747.0,12.0,70746.0,29.0,70759,1,70760.0,12.0,70761.0,29.0,70753.5,0.0
2,105400,GIFT_BASKET,70734,1,70733.0,15.0,70732.0,25.0,70745,1,70746.0,15.0,70747.0,25.0,70739.5,0.0
2,105500,GIFT_BASKET,70743,1,70742.0,16.0,70740.0,25.0,70754,1,70755.0,16.0,70756.0,25.0,70748.5,0.0
2,105600,GIFT_BASKET,70723,19,70722.0,17.0,,,70729,1,70736.0,19.0,70738.0,17.0,70726.0,0.0
2,105700,GIFT_BASKET,70743,1,70741.0,19.0,70740.0,25.0,70753,1,70754.0,19.0,70756.0,25.0,70748.0,0.0
2,105800,GIFT_BASKET,70744,1,70743.0,18.0,70742.0,15.0,70755,1,70756.0,18.0,70757.0,15.0,70749.5,0.0
2,105900,GIFT_BASKET,70743,1,70742.0,17.0,70741.0,18.0,70754,1,70755.0,17.0,70756.0,18.0,70748.5,0.0
2,106000,GIFT_BASKET,70748,2,70747.0,10.0,70746.0,22.0,70759,2,70760.0,10.0,70761.0,22.0,70753.5,0.0
2,106100,GIFT_BASKET,70748,17,70747.0,25.0,,,70761,17,70762.0,25.0,,,70754.5,0.0
2,106200,GIFT_BASKET,70736,1,70735.0,18.0,70734.0,23.0,70747,1,70748.0,18.0,70749.0,23.0,70741.5,0.0
2,106300,GIFT_BASKET,70741,2,70740.0,20.0,70738.0,27.0,70751,2,70753.0,20.0,70754.0,27.0,70746.0,0.0
2,106400,GIFT_BASKET,70738,18,70736.0,20.0,,,70751,18,70752.0,20.0,,,70744.5,0.0
