day,timestamp,product,bid_price_1,bid_volume_1,bid_price_2,bid_volume_2,bid_price_3,bid_volume_3,ask_price_1,ask_volume_1,ask_price_2,ask_volume_2,ask_price_3,ask_volume_3,mid_price,profit_and_loss
1,0,GIFT_BASKET,71108,12,71107.0,27.0,,,71121,12,71122.0,27.0,,,71114.5,0.0
1,100,GIFT_BASKET,71109,1,71107.0,12.0,71106.0,20.0,71119,1,71121.0,12.0,71122.0,20.0,71114.0,0.0
1,200,GIFT_BASKET,71110,1,71109.0,15.0,71108.0,26.0,71121,1,71122.0,15.0,71123.0,26.0,71115.5,0.0
1,300,GIFT_BASKET,71117,14,71116.0,16.0,,,71130,14,71131.0,16.0,,,71123.5,0.0
1,400,GIFT_BASKET,71127,2,71126.0,16.0,71125.0,15.0,71138,2,71139.0,16.0,71140.0,15.0,71132.5,0.0
1,500,GIFT_BASKET,71134,1,71133.0,16.0,71131.0,20.0,71145,1,71146.0,16.0,71147.0,20.0,71139.5,0.0
1,600,GIFT_BASKET,71137,2,71136.0,17.0,71135.0,18.0,71148,2,71149.0,17.0,71150.0,18.0,71142.5,0.0
1,700,GIFT_BASKET,71136,1,71135.0,11.0,71134.0,30.0,71147,1,71148.0,11.0,71149.0,30.0,71141.5,0.0
1,800,GIFT_BASKET,71139,1,71138.0,19.0,71137.0,22.0,71150,1,71151.0,19.0,71152.0,22.0,71144.5,0.0
1,900,GIFT_BASKET,71144,1,71143.0,12.0,71142.0,20.0,71155,1,71156.0,12.0,71157.0,20.0,71149.5,0.0
1,1000,GIFT_BASKET,71141,1,71139.0,19.0,71138.0,26.0,71151,1,71153.0,19.0,71154.0,26.0,71146.0,0.0
1,1100,GIFT_BASKET,71147,1,71145.0,14.0,71144.0,23.0,71157,1,71159.0,14.0,71160.0,23.0,71152.0,0.0
1,1200,GIFT_BASKET,71133,1,71132.0,17.0,71131.0,16.0,71144,1,71145.0,17.0,71147.0,16.0,71138.5,0.0
1,1300,GIFT_BASKET,71132,12,71131.0,29.0,,,71145,12,71146.0,29.0,,,71138.5,0.0
1,1400,GIFT_BASKET,71139,15,71138.0,29.0,,,71152,15,71153.0,29.0,,,71145.5,0.0
1,1500,GIFT_BASKET,71122,1,71121.0,18.0,71120.0,30.0,71133,1,71134.0,18.0,71135.0,30.0,71127.5,0.0
1,1600,GIFT_BASKET,71130,2,71129.0,15.0,71128.0,17.0,71141,2,71142.0,15.0,71143.0,17.0,71135.5,0.0
1,1700,GIFT_BASKET,71134,11,71133.0,22.0,,,71147,11,71148.0,22.0,,,71140.5,0.0
1,1800,GIFT_BASKET,71135,10,71134.0,30.0,,,71148,10,71149.0,30.0,,,71141.5,0.0
1,1900,GIFT_BASKET,71141,2,71140.0,18.0,71139.0,29.0,71152,2,71153.0,18.0,71154.0,29.0,71146.5,0.0
1,2000,GIFT_BASKET,71142,2,71141.0,20.0,71140.0,25.0,71153,2,71154.0,20.0,71156.0,25.0,71147.5,0.0
1,2100,GIFT_BASKET,71141,2,71140.0,17.0,71139.0,21.0,71152,2,71153.0,17.0,71154.0,21.0,71146.5,0.0
1,2200,GIFT_BASKET,71137,1,71136.0,14.0,71135.0,26.0,71148,1,71149.0,14.0,71150.0,26.0,71142.5,0.0
1,2300,GIFT_BASKET,71137,20,71136.0,24.0,,,71138,1,71149.0,2.0,71151.0,20.0,71137.5,0.0
1,2400,GIFT_BASKET,71155,2,71154.0,10.0,71153.0,17.0,71166,2,71167.0,10.0,71168.0,17.0,71160.5,0.0
1,2500,GIFT_BASKET,71155,2,71154.0,16.0,71153.0,21.0,71166,2,71167.0,16.0,71168.0,21.0,71160.5,0.0
1,2600,GIFT_BASKET,71154,1,71153.0,16.0,71152.0,16.0,71165,1,71166.0,16.0,71167.0,16.0,71159.5,0.0
1,2700,GIFT_BASKET,71162,2,71161.0,14.0,71160.0,19.0,71173,2,71174.0,14.0,71175.0,19.0,71167.5,0.0
1,2800,GIFT_BASKET,71159,17,71158.0,23.0,,,71172,17,71173.0,23.0,,,71165.5,0.0
1,2900,GIFT_BASKET,71165,2,71164.0,14.0,71163.0,25.0,71176,2,71178.0,14.0,71179.0,25.0,71170.5,0.0
1,3000,GIFT_BASKET,71154,1,71153.0,13.0,71152.0,16.0,71165,1,71166.0,13.0,71167.0,16.0,71159.5,0.0
1,3100,GIFT_BASKET,71153,5,71148.0,1.0,71147.0,20.0,71159,1,71160.0,20.0,71162.0,16.0,71156.0,0.0
1,3200,GIFT_BASKET,71147,5,71141.0,19.0,71140.0,29.0,71154,19,71155.0,29.0,,,71150.5,0.0
1,3300,GIFT_BASKET,71134,1,71132.0,10.0,71131.0,16.0,71144,1,71146.0,10.0,71147.0,16.0,71139.0,0.0
1,3400,GIFT_BASKET,71120,2,71119.0,10.0,71118.0,19.0,71131,2,71132.0,10.0,71133.0,19.0,71125.5,0.0
1,3500,GIFT_BASKET,71121,18,71119.0,28.0,,,71134,18,71135.0,28.0,,,71127.5,0.0
1,3600,GIFT_BASKET,71139,11,71138.0,29.0,,,71152,11,71153.0,29.0,,,71145.5,0.0
1,3700,GIFT_BASKET,71140,17,71139.0,26.0,,,71153,17,71154.0,26.0,,,71146.5,0.0
1,3800,GIFT_BASKET,71158,5,71152.0,17.0,71151.0,27.0,71165,17,71166.0,27.0,,,71161.5,0.0
1,3900,GIFT_BASKET,71160,2,71159.0,10.0,71158.0,27.0,71171,2,71172.0,10.0,71173.0,27.0,71165.5,0.0
1,4000,GIFT_BASKET,71170,1,71169.0,16.0,71168.0,16.0,71181,1,71182.0,16.0,71183.0,16.0,71175.5,0.0
1,4100,GIFT_BASKET,71163,2,71162.0,20.0,71161.0,26.0,71174,2,71175.0,20.0,71176.0,26.0,71168.5,0.0
1,4200,GIFT_BASKET,71162,1,71161.0,13.0,71160.0,26.0,71173,1,71174.0,13.0,71175.0,26.0,71167.5,0.0
1,4300,GIFT_BASKET,71161,18,71160.0,16.0,,,71174,18,71175.0,16.0,,,71167.5,0.0
1,4400,GIFT_BASKET,71163,20,71162.0,16.0,,,71176,20,71178.0,16.0,,,71169.5,0.0
1,4500,GIFT_BASKET,71158,20,71157.0,29.0,,,71171,20,71172.0,29.0,,,71164.5,0.0
1,4600,GIFT_BASKET,71149,12,71148.0,23.0,,,71162,12,71163.0,23.0,,,71155.5,0.0
1,4700,GIFT_BASKET,71145,18,71144.0,18.0,,,71158,18,71159.0,18.0,,,71151.5,0.0
1,4800,GIFT_BASKET,71130,1,71129.0,13.0,71128.0,27.0,71141,1,71142.0,13.0,71143.0,27.0,71135.5,0.0
1,4900,GIFT_BASKET,71125,2,71124.0,10.0,71123.0,27.0,71136,2,71137.0,10.0,71138.0,27.0,71130.5,0.0
1,5000,GIFT_BASKET,71127,1,71122.0,1.0,71121.0,17.0,71133,1,71134.0,17.0,71135.0,15.0,71130.0,0.0
1,5100,GIFT_BASKET,71123,17,71122.0,29.0,,,71136,17,71137.0,29.0,,,71129.5,0.0
1,5200,GIFT_BASKET,71117,2,71115.0,16.0,71114.0,25.0,71127,2,71129.0,16.0,71130.0,25.0,71122.0,0.0
1,5300,GIFT_BASKET,71117,12,71116.0,28.0,,,71130,12,71131.0,28.0,,,71123.5,0.0
1,5400,GIFT_BASKET,71127,12,71126.0,25.0,,,71140,12,71141.0,25.0,,,71133.5,0.0
1,5500,GIFT_BASKET,71120,1,71119.0,18.0,71118.0,21.0,71125,8,71131.0,1.0,71132.0,18.0,71122.5,0.0
1,5600,GIFT_BASKET,71120,2,71119.0,10.0,71118.0,16.0,71131,2,71132.0,10.0,71133.0,16.0,71125.5,0.0
1,5700,GIFT_BASKET,71129,1,71128.0,19.0,71126.0,29.0,71140,1,71141.0,19.0,71142.0,29.0,71134.5,0.0
1,5800,GIFT_BASKET,71142,2,71141.0,16.0,71140.0,30.0,71147,3,71153.0,2.0,71154.0,16.0,71144.5,0.0
1,5900,GIFT_BASKET,71139,2,71138.0,17.0,71137.0,17.0,71150,2,71151.0,17.0,71153.0,17.0,71144.5,0.0
1,6000,GIFT_BASKET,71155,7,71149.0,18.0,71147.0,23.0,71162,18,71163.0,23.0,,,71158.5,0.0
1,6100,GIFT_BASKET,71140,1,71138.0,19.0,71137.0,19.0,71150,1,71152.0,19.0,71153.0,19.0,71145.0,0.0
1,6200,GIFT_BASKET,71145,1,71144.0,11.0,71143.0,23.0,71156,1,71157.0,11.0,71158.0,23.0,71150.5,0.0
1,6300,GIFT_BASKET,71135,15,71134.0,22.0,,,71148,15,71149.0,22.0,,,71141.5,0.0
1,6400,GIFT_BASKET,71140,1,71139.0,17.0,71138.0,24.0,71151,1,71152.0,17.0,71153.0,24.0,71145.5,0.0
1,6500,GIFT_BASKET,71143,12,71142.0,15.0,,,71156,12,71157.0,15.0,,,71149.5,0.0
1,6600,GIFT_BASKET,71144,2,71143.0,15.0,71142.0,23.0,71155,2,71156.0,15.0,71157.0,23.0,71149.5,0.0
1,6700,GIFT_BASKET,71148,1,71147.0,11.0,71146.0,17.0,71159,1,71160.0,11.0,71161.0,17.0,71153.5,0.0
1,6800,GIFT_BASKET,71125,2,71124.0,13.0,71122.0,26.0,71136,2,71137.0,13.0,71138.0,26.0,71130.5,0.0
1,6900,GIFT_BASKET,71117,2,71116.0,19.0,71115.0,20.0,71128,2,71129.0,19.0,71130.0,20.0,71122.5,0.0
1,7000,GIFT_BASKET,71098,1,71097.0,11.0,71096.0,27.0,71109,1,71110.0,11.0,71111.0,27.0,71103.5,0.0
1,7100,GIFT_BASKET,71093,1,71092.0,14.0,71091.0,26.0,71104,1,71105.0,14.0,71106.0,26.0,71098.5,0.0
1,7200,GIFT_BASKET,71083,1,71082.0,12.0,71081.0,15.0,71094,1,71095.0,12.0,71096.0,15.0,71088.5,0.0
1,7300,GIFT_BASKET,71090,1,71089.0,20.0,71088.0,22.0,71101,1,71102.0,20.0,71104.0,22.0,71095.5,0.0
1,7400,GIFT_BASKET,71088,15,71087.0,15.0,,,71101,15,71102.0,15.0,,,71094.5,0.0
1,7500,GIFT_BASKET,71075,19,71074.0,22.0,,,71088,19,71089.0,22.0,,,71081.5,0.0
1,7600,GIFT_BASKET,71081,13,71080.0,25.0,,,71094,13,71095.0,25.0,,,71087.5,0.0
1,7700,GIFT_BASKET,71071,1,71070.0,13.0,71069.0,20.0,71082,1,71083.0,13.0,71085.0,20.0,71076.5,0.0
1,7800,GIFT_BASKET,71062,11,71061.0,20.0,,,71075,11,71076.0,20.0,,,71068.5,0.0
1,7900,GIFT_BASKET,71054,6,71049.0,2.0,71048.0,11.0,71060,2,71061.0,11.0,71062.0,28.0,71057.0,0.0
1,8000,GIFT_BASKET,71056,2,71055.0,12.0,71054.0,18.0,71067,2,71068.0,12.0,71069.0,18.0,71061.5,0.0
1,8100,GIFT_BASKET,71048,17,71047.0,23.0,,,71061,17,71062.0,23.0,,,71054.5,0.0
1,8200,GIFT_BASKET,71060,2,71059.0,15.0,71058.0,15.0,71071,2,71072.0,15.0,71073.0,15.0,71065.5,0.0
1,8300,GIFT_BASKET,71065,19,71064.0,27.0,,,71078,19,71079.0,27.0,,,71071.5,0.0
1,8400,GIFT_BASKET,71079,20,71078.0,29.0,,,71092,20,71093.0,29.0,,,71085.5,0.0
1,8500,GIFT_BASKET,71086,2,71085.0,14.0,71084.0,27.0,71097,2,71098.0,14.0,71099.0,27.0,71091.5,0.0
1,8600,GIFT_BASKET,71087,2,71086.0,18.0,71085.0,20.0,71098,2,71099.0,18.0,71100.0,20.0,71092.5,0.0
1,8700,GIFT_BASKET,71084,7,71079.0,2.0,71078.0,18.0,71090,2,71091.0,18.0,71092.0,26.0,71087.0,0.0
1,8800,GIFT_BASKET,71091,1,71090.0,11.0,71089.0,24.0,71102,1,71103.0,11.0,71104.0,24.0,71096.5,0.0
1,8900,GIFT_BASKET,71092,11,71091.0,15.0,,,71105,11,71106.0,15.0,,,71098.5,0.0
1,9000,GIFT_BASKET,71084,12,71083.0,20.0,,,71098,12,71099.0,20.0,,,71091.0,0.0
1,9100,GIFT_BASKET,71071,10,71070.0,16.0,,,71084,10,71085.0,16.0,,,71077.5,0.0
1,9200,GIFT_BASKET,71077,2,71076.0,10.0,71075.0,20.0,71088,2,71089.0,10.0,71090.0,20.0,71082.5,0.0
1,9300,GIFT_BASKET,71082,1,71081.0,16.0,71080.0,24.0,71093,1,71094.0,16.0,71095.0,24.0,71087.5,0.0
1,9400,GIFT_BASKET,71087,2,71086.0,10.0,71085.0,19.0,71098,2,71099.0,10.0,71100.0,19.0,71092.5,0.0
1,9500,GIFT_BASKET,71083,2,71082.0,10.0,71081.0,22.0,71094,2,71095.0,10.0,71096.0,22.0,71088.5,0.0
1,9600,GIFT_BASKET,71081,1,71080.0,10.0,71079.0,22.0,71092,1,71093.0,10.0,71094.0,22.0,71086.5,0.0
1,9700,GIFT_BASKET,71070,1,71069.0,12.0,71068.0,27.0,71081,1,71082.0,12.0,71083.0,27.0,71075.5,0.0
1,9800,GIFT_BASKET,71069,2,71068.0,16.0,71066.0,29.0,71080,2,71081.0,16.0,71082.0,29.0,71074.5,0.0
1,9900,GIFT_BASKET,71075,13,71074.0,26.0,,,71089,13,71090.0,26.0,,,71082.0,0.0
1,10000,GIFT_BASKET,71075,18,71074.0,15.0,,,71088,18,71089.0,15.0,,,71081.5,0.0
1,10100,GIFT_BASKET,71067,1,71066.0,10.0,71065.0,27.0,71072,6,71078.0,1.0,71079.0,10.0,71069.5,0.0
1,10200,GIFT_BASKET,71059,17,71058.0,26.0,,,71072,17,71073.0,26.0,,,71065.5,0.0
1,10300,GIFT_BASKET,71048,1,71047.0,13.0,71046.0,22.0,71059,1,71060.0,13.0,71061.0,22.0,71053.5,0.0
1,10400,GIFT_BASKET,71046,11,71045.0,25.0,,,71059,11,71060.0,25.0,,,71052.5,0.0
1,10500,GIFT_BASKET,71032,17,71031.0,16.0,,,71038,5,71045.0,17.0,71046.0,16.0,71035.0,0.0
1,10600,GIFT_BASKET,71026,16,71025.0,17.0,,,71039,16,71040.0,17.0,,,71032.5,0.0
1,10700,GIFT_BASKET,71028,16,71027.0,16.0,,,71041,16,71042.0,16.0,,,71034.5,0.0
1,10800,GIFT_BASKET,71043,18,71042.0,20.0,,,71056,18,71057.0,20.0,,,71049.5,0.0
1,10900,GIFT_BASKET,71046,1,71045.0,15.0,71044.0,25.0,71057,1,71058.0,15.0,71059.0,25.0,71051.5,0.0
1,11000,GIFT_BASKET,71048,1,71047.0,11.0,71046.0,25.0,71059,1,71060.0,11.0,71061.0,25.0,71053.5,0.0
1,11100,GIFT_BASKET,71045,1,71044.0,18.0,71043.0,20.0,71056,1,71057.0,18.0,71058.0,20.0,71050.5,0.0
1,11200,GIFT_BASKET,71041,2,71040.0,12.0,71039.0,17.0,71052,2,71053.0,12.0,71054.0,17.0,71046.5,0.0
1,11300,GIFT_BASKET,71032,2,71031.0,10.0,71030.0,20.0,71043,2,71044.0,10.0,71045.0,20.0,71037.5,0.0
1,11400,GIFT_BASKET,71025,20,71024.0,22.0,,,71038,20,71039.0,22.0,,,71031.5,0.0
1,11500,GIFT_BASKET,71031,1,71030.0,18.0,71029.0,16.0,71042,1,71043.0,18.0,71044.0,16.0,71036.5,0.0
1,11600,GIFT_BASKET,71029,2,71028.0,20.0,71027.0,28.0,71040,2,71041.0,20.0,71042.0,28.0,71034.5,0.0
1,11700,GIFT_BASKET,71039,2,71038.0,13.0,71037.0,28.0,71050,2,71051.0,13.0,71052.0,28.0,71044.5,0.0
1,11800,GIFT_BASKET,71038,1,71037.0,18.0,71036.0,19.0,71049,1,71050.0,18.0,71051.0,19.0,71043.5,0.0
1,11900,GIFT_BASKET,71038,1,71037.0,14.0,71036.0,30.0,71049,1,71050.0,14.0,71051.0,30.0,71043.5,0.0
1,12000,GIFT_BASKET,71042,1,71041.0,14.0,71040.0,16.0,71053,1,71054.0,14.0,71055.0,16.0,71047.5,0.0
1,12100,GIFT_BASKET,71045,2,71044.0,10.0,71043.0,19.0,71056,2,71057.0,10.0,71058.0,19.0,71050.5,0.0
1,12200,GIFT_BASKET,71031,2,71030.0,20.0,71029.0,27.0,71042,2,71043.0,20.0,71045.0,27.0,71036.5,0.0
1,12300,GIFT_BASKET,71030,1,71029.0,14.0,71028.0,24.0,71041,1,71042.0,14.0,71043.0,24.0,71035.5,0.0
1,12400,GIFT_BASKET,71019,11,71017.0,22.0,,,71032,11,71033.0,22.0,,,71025.5,0.0
1,12500,GIFT_BASKET,71001,1,71000.0,10.0,70999.0,16.0,71012,1,71013.0,10.0,71014.0,16.0,71006.5,0.0
1,12600,GIFT_BASKET,71011,16,71010.0,29.0,,,71024,16,71025.0,29.0,,,71017.5,0.0
1,12700,GIFT_BASKET,71007,1,71006.0,18.0,71005.0,23.0,71018,1,71019.0,18.0,71020.0,23.0,71012.5,0.0
1,12800,GIFT_BASKET,71012,2,71011.0,11.0,71010.0,30.0,71023,2,71024.0,11.0,71025.0,30.0,71017.5,0.0
1,12900,GIFT_BASKET,71041,2,71040.0,13.0,71039.0,27.0,71052,2,71053.0,13.0,71054.0,27.0,71046.5,0.0
1,13000,GIFT_BASKET,71054,2,71053.0,12.0,71052.0,15.0,71065,2,71066.0,12.0,71067.0,15.0,71059.5,0.0
1,13100,GIFT_BASKET,71042,11,71041.0,29.0,,,71055,11,71056.0,29.0,,,71048.5,0.0
1,13200,GIFT_BASKET,71057,2,71056.0,14.0,71055.0,18.0,71068,2,71069.0,14.0,71070.0,18.0,71062.5,0.0
1,13300,GIFT_BASKET,71054,1,71053.0,13.0,71051.0,23.0,71065,1,71066.0,13.0,71067.0,23.0,71059.5,0.0
1,13400,GIFT_BASKET,71040,17,71039.0,18.0,,,71046,1,71053.0,17.0,71054.0,18.0,71043.0,0.0
1,13500,GIFT_BASKET,71050,1,71049.0,10.0,71048.0,20.0,71061,1,71062.0,10.0,71063.0,20.0,71055.5,0.0
1,13600,GIFT_BASKET,71055,2,71054.0,18.0,71052.0,24.0,71066,2,71067.0,18.0,71068.0,24.0,71060.5,0.0
1,13700,GIFT_BASKET,71056,18,71055.0,16.0,,,71062,5,71069.0,18.0,71070.0,16.0,71059.0,0.0
1,13800,GIFT_BASKET,71061,10,71060.0,23.0,,,71074,12,71075.0,23.0,,,71067.5,0.0
1,13900,GIFT_BASKET,71062,1,71061.0,20.0,71060.0,23.0,71073,1,71074.0,20.0,71075.0,23.0,71067.5,0.0
1,14000,GIFT_BASKET,71051,1,71050.0,16.0,71049.0,23.0,71062,1,71063.0,16.0,71065.0,23.0,71056.5,0.0
1,14100,GIFT_BASKET,71044,2,71043.0,17.0,71042.0,22.0,71055,2,71056.0,17.0,71057.0,22.0,71049.5,0.0
1,14200,GIFT_BASKET,71045,19,71044.0,17.0,,,71058,19,71059.0,17.0,,,71051.5,0.0
1,14300,GIFT_BASKET,71054,1,71053.0,15.0,71052.0,17.0,71065,1,71066.0,15.0,71067.0,17.0,71059.5,0.0
1,14400,GIFT_BASKET,71049,2,71048.0,14.0,71047.0,29.0,71060,2,71061.0,14.0,71062.0,29.0,71054.5,0.0
1,14500,GIFT_BASKET,71050,1,71049.0,11.0,71048.0,25.0,71061,1,71062.0,11.0,71063.0,25.0,71055.5,0.0
1,14600,GIFT_BASKET,71055,1,71054.0,19.0,71053.0,28.0,71060,1,71066.0,1.0,71067.0,19.0,71057.5,0.0
1,14700,GIFT_BASKET,71059,1,71058.0,10.0,71057.0,19.0,71070,1,71071.0,10.0,71072.0,19.0,71064.5,0.0
1,14800,GIFT_BASKET,71056,1,71055.0,12.0,71054.0,15.0,71067,1,71068.0,12.0,71069.0,15.0,71061.5,0.0
1,14900,GIFT_BASKET,71056,1,71055.0,12.0,71053.0,22.0,71067,1,71068.0,12.0,71069.0,22.0,71061.5,0.0
1,15000,GIFT_BASKET,71060,2,71059.0,17.0,71058.0,29.0,71071,2,71072.0,17.0,71073.0,29.0,71065.5,0.0
1,15100,GIFT_BASKET,71053,1,71052.0,20.0,71051.0,26.0,71064,1,71065.0,20.0,71067.0,26.0,71058.5,0.0
1,15200,GIFT_BASKET,71059,2,71058.0,10.0,71057.0,16.0,71070,2,71071.0,10.0,71072.0,16.0,71064.5,0.0
1,15300,GIFT_BASKET,71062,2,71061.0,14.0,71060.0,17.0,71073,2,71074.0,14.0,71075.0,17.0,71067.5,0.0
1,15400,GIFT_BASKET,71057,14,71056.0,26.0,,,71070,14,71071.0,26.0,,,71063.5,0.0
1,15500,GIFT_BASKET,71071,18,71070.0,16.0,,,71084,18,71086.0,16.0,,,71077.5,0.0
1,15600,GIFT_BASKET,71066,1,71065.0,17.0,71064.0,21.0,71077,1,71078.0,17.0,71079.0,21.0,71071.5,0.0
1,15700,GIFT_BASKET,71060,2,71059.0,18.0,71058.0,20.0,71071,2,71072.0,18.0,71073.0,20.0,71065.5,0.0
1,15800,GIFT_BASKET,71067,2,71066.0,10.0,71065.0,28.0,71078,2,71079.0,10.0,71080.0,28.0,71072.5,0.0
1,15900,GIFT_BASKET,71071,1,71070.0,13.0,71069.0,18.0,71082,1,71083.0,13.0,71084.0,18.0,71076.5,0.0
1,16000,GIFT_BASKET,71068,2,71067.0,12.0,71066.0,25.0,71079,2,71080.0,12.0,71081.0,25.0,71073.5,0.0
1,16100,GIFT_BASKET,71074,5,71069.0,1.0,71068.0,12.0,71080,1,71081.0,12.0,71082.0,23.0,71077.0,0.0
1,16200,GIFT_BASKET,71080,17,71079.0,19.0,,,71093,17,71094.0,19.0,,,71086.5,0.0
1,16300,GIFT_BASKET,71079,1,71078.0,19.0,71077.0,18.0,71090,1,71091.0,19.0,71092.0,18.0,71084.5,0.0
1,16400,GIFT_BASKET,71073,2,71072.0,17.0,71071.0,30.0,71078,7,71084.0,2.0,71085.0,17.0,71075.5,0.0
1,16500,GIFT_BASKET,71058,16,71057.0,17.0,,,71071,16,71072.0,17.0,,,71064.5,0.0
1,16600,GIFT_BASKET,71063,20,71062.0,25.0,,,71077,20,71078.0,25.0,,,71070.0,0.0
1,16700,GIFT_BASKET,71060,18,71059.0,15.0,,,71073,18,71074.0,15.0,,,71066.5,0.0
1,16800,GIFT_BASKET,71062,2,71061.0,10.0,71060.0,20.0,71073,2,71074.0,10.0,71075.0,20.0,71067.5,0.0
1,16900,GIFT_BASKET,71058,2,71057.0,18.0,71056.0,30.0,71069,2,71070.0,18.0,71071.0,30.0,71063.5,0.0
1,17000,GIFT_BASKET,71050,1,71049.0,11.0,71048.0,26.0,71061,1,71062.0,11.0,71063.0,26.0,71055.5,0.0
1,17100,GIFT_BASKET,71062,1,71061.0,10.0,71060.0,19.0,71073,1,71074.0,10.0,71075.0,19.0,71067.5,0.0
1,17200,GIFT_BASKET,71072,1,71071.0,11.0,71070.0,29.0,71083,1,71084.0,11.0,71085.0,29.0,71077.5,0.0
1,17300,GIFT_BASKET,71085,1,71084.0,10.0,71083.0,18.0,71096,1,71097.0,10.0,71098.0,18.0,71090.5,0.0
1,17400,GIFT_BASKET,71075,15,71074.0,19.0,,,71089,15,71090.0,19.0,,,71082.0,0.0
1,17500,GIFT_BASKET,71068,2,71067.0,16.0,71066.0,27.0,71079,2,71080.0,16.0,71081.0,27.0,71073.5,0.0
1,17600,GIFT_BASKET,71060,1,71059.0,10.0,71058.0,16.0,71071,1,71072.0,10.0,71073.0,16.0,71065.5,0.0
1,17700,GIFT_BASKET,71067,11,71066.0,29.0,,,71080,11,71081.0,29.0,,,71073.5,0.0
1,17800,GIFT_BASKET,71080,2,71079.0,11.0,71078.0,25.0,71091,2,71092.0,11.0,71093.0,25.0,71085.5,0.0
1,17900,GIFT_BASKET,71083,17,71082.0,29.0,,,71096,17,71097.0,29.0,,,71089.5,0.0
1,18000,GIFT_BASKET,71074,20,71073.0,28.0,,,71087,20,71088.0,28.0,,,71080.5,0.0
1,18100,GIFT_BASKET,71072,2,71071.0,17.0,71070.0,17.0,71083,2,71084.0,17.0,71085.0,17.0,71077.5,0.0
1,18200,GIFT_BASKET,71066,2,71065.0,20.0,71064.0,27.0,71077,2,71078.0,20.0,71079.0,27.0,71071.5,0.0
1,18300,GIFT_BASKET,71059,14,71057.0,21.0,,,71072,14,71073.0,21.0,,,71065.5,0.0
1,18400,GIFT_BASKET,71068,1,71067.0,16.0,71066.0,16.0,71079,1,71080.0,16.0,71081.0,16.0,71073.5,0.0
1,18500,GIFT_BASKET,71074,2,71073.0,10.0,71072.0,17.0,71085,2,71086.0,10.0,71087.0,17.0,71079.5,0.0
1,18600,GIFT_BASKET,71080,1,71079.0,14.0,71078.0,27.0,71091,1,71093.0,14.0,71094.0,27.0,71085.5,0.0
1,18700,GIFT_BASKET,71073,20,71072.0,17.0,,,71086,20,71088.0,17.0,,,71079.5,0.0
1,18800,GIFT_BASKET,71078,19,71077.0,26.0,,,71091,19,71092.0,26.0,,,71084.5,0.0
1,18900,GIFT_BASKET,71079,15,71078.0,26.0,,,71092,15,71093.0,26.0,,,71085.5,0.0
1,19000,GIFT_BASKET,71090,1,71089.0,19.0,71088.0,26.0,71101,1,71102.0,19.0,71103.0,26.0,71095.5,0.0
1,19100,GIFT_BASKET,71104,2,71103.0,20.0,71102.0,30.0,71115,2,71116.0,20.0,71117.0,30.0,71109.5,0.0
1,19200,GIFT_BASKET,71113,19,71112.0,30.0,,,71126,19,71127.0,30.0,,,71119.5,0.0
1,19300,GIFT_BASKET,71117,2,71116.0,10.0,71115.0,22.0,71128,2,71129.0,10.0,71130.0,22.0,71122.5,0.0
1,19400,GIFT_BASKET,71113,2,71112.0,20.0,71111.0,18.0,71124,2,71125.0,20.0,71126.0,18.0,71118.5,0.0
1,19500,GIFT_BASKET,71114,14,71113.0,19.0,,,71127,14,71128.0,19.0,,,71120.5,0.0
1,19600,GIFT_BASKET,71116,1,71115.0,16.0,71114.0,24.0,71127,1,71128.0,16.0,71130.0,24.0,71121.5,0.0
1,19700,GIFT_BASKET,71119,7,71114.0,2.0,71113.0,10.0,71125,2,71126.0,10.0,71127.0,15.0,71122.0,0.0
1,19800,GIFT_BASKET,71117,2,71116.0,14.0,71115.0,25.0,71128,2,71129.0,14.0,71130.0,25.0,71122.5,0.0
1,19900,GIFT_BASKET,71119,1,71118.0,14.0,71117.0,29.0,71124,7,71130.0,1.0,71131.0,14.0,71121.5,0.0
1,20000,GIFT_BASKET,71118,11,71117.0,19.0,,,71131,11,71132.0,19.0,,,71124.5,0.0
1,20100,GIFT_BASKET,71123,1,71122.0,12.0,71121.0,18.0,71134,1,71135.0,12.0,71136.0,18.0,71128.5,0.0
1,20200,GIFT_BASKET,71127,8,71121.0,16.0,71120.0,18.0,71134,16,71135.0,18.0,,,71130.5,0.0
1,20300,GIFT_BASKET,71110,17,71109.0,27.0,,,71123,17,71125.0,27.0,,,71116.5,0.0
1,20400,GIFT_BASKET,71120,1,71119.0,18.0,71117.0,27.0,71131,1,71132.0,18.0,71133.0,27.0,71125.5,0.0
1,20500,GIFT_BASKET,71128,1,71127.0,18.0,71126.0,21.0,71139,1,71140.0,18.0,71142.0,21.0,71133.5,0.0
1,20600,GIFT_BASKET,71123,1,71122.0,16.0,71121.0,22.0,71134,1,71135.0,16.0,71136.0,22.0,71128.5,0.0
1,20700,GIFT_BASKET,71125,11,71124.0,27.0,,,71138,11,71139.0,27.0,,,71131.5,0.0
1,20800,GIFT_BASKET,71129,2,71128.0,19.0,71127.0,17.0,71140,2,71141.0,19.0,71142.0,17.0,71134.5,0.0
1,20900,GIFT_BASKET,71136,2,71135.0,17.0,71134.0,26.0,71147,2,71148.0,17.0,71149.0,26.0,71141.5,0.0
1,21000,GIFT_BASKET,71133,1,71132.0,17.0,71131.0,20.0,71144,1,71145.0,17.0,71146.0,20.0,71138.5,0.0
1,21100,GIFT_BASKET,71124,11,71123.0,21.0,,,71130,6,71137.0,11.0,71138.0,21.0,71127.0,0.0
1,21200,GIFT_BASKET,71129,12,71128.0,29.0,,,71142,12,71143.0,29.0,,,71135.5,0.0
1,21300,GIFT_BASKET,71130,18,71129.0,21.0,,,71131,4,71143.0,18.0,71145.0,21.0,71130.5,0.0
1,21400,GIFT_BASKET,71127,1,71126.0,14.0,71125.0,22.0,71138,1,71139.0,14.0,71140.0,22.0,71132.5,0.0
1,21500,GIFT_BASKET,71119,2,71118.0,19.0,71116.0,24.0,71130,2,71131.0,19.0,71132.0,24.0,71124.5,0.0
1,21600,GIFT_BASKET,71127,3,71122.0,2.0,71121.0,16.0,71133,2,71134.0,16.0,71135.0,25.0,71130.0,0.0
1,21700,GIFT_BASKET,71115,2,71114.0,16.0,71113.0,27.0,71126,2,71127.0,16.0,71128.0,27.0,71120.5,0.0
1,21800,GIFT_BASKET,71119,1,71118.0,17.0,71117.0,20.0,71130,1,71131.0,17.0,71132.0,20.0,71124.5,0.0
1,21900,GIFT_BASKET,71113,14,71112.0,18.0,,,71126,14,71127.0,18.0,,,71119.5,0.0
1,22000,GIFT_BASKET,71131,8,71126.0,2.0,71124.0,17.0,71137,2,71138.0,17.0,71139.0,28.0,71134.0,0.0
1,22100,GIFT_BASKET,71115,19,71114.0,28.0,,,71128,19,71130.0,28.0,,,71121.5,0.0
1,22200,GIFT_BASKET,71128,19,71127.0,29.0,,,71141,19,71142.0,29.0,,,71134.5,0.0
1,22300,GIFT_BASKET,71129,3,71124.0,2.0,71123.0,20.0,71135,2,71136.0,20.0,71137.0,20.0,71132.0,0.0
1,22400,GIFT_BASKET,71149,3,71144.0,1.0,71143.0,20.0,71155,1,71156.0,20.0,71157.0,21.0,71152.0,0.0
1,22500,GIFT_BASKET,71141,12,71140.0,18.0,,,71154,12,71155.0,18.0,,,71147.5,0.0
1,22600,GIFT_BASKET,71138,1,71137.0,12.0,71136.0,20.0,71149,1,71150.0,12.0,71151.0,20.0,71143.5,0.0
1,22700,GIFT_BASKET,71142,1,71141.0,10.0,71140.0,21.0,71153,1,71154.0,10.0,71155.0,21.0,71147.5,0.0
1,22800,GIFT_BASKET,71145,1,71144.0,17.0,71143.0,26.0,71156,1,71157.0,17.0,71158.0,26.0,71150.5,0.0
1,22900,GIFT_BASKET,71133,1,71132.0,10.0,71131.0,27.0,71144,1,71145.0,10.0,71146.0,27.0,71138.5,0.0
1,23000,GIFT_BASKET,71143,1,71142.0,17.0,71141.0,24.0,71154,1,71155.0,17.0,71156.0,24.0,71148.5,0.0
1,23100,GIFT_BASKET,71146,2,71145.0,15.0,71144.0,23.0,71151,1,71157.0,2.0,71158.0,15.0,71148.5,0.0
1,23200,GIFT_BASKET,71136,1,71135.0,18.0,71134.0,15.0,71147,1,71148.0,18.0,71150.0,15.0,71141.5,0.0
1,23300,GIFT_BASKET,71127,2,71126.0,19.0,71125.0,20.0,71138,2,71139.0,19.0,71140.0,20.0,71132.5,0.0
1,23400,GIFT_BASKET,71131,1,71130.0,14.0,71129.0,23.0,71142,1,71143.0,14.0,71144.0,23.0,71136.5,0.0
1,23500,GIFT_BASKET,71134,1,71133.0,16.0,71132.0,23.0,71145,1,71146.0,16.0,71147.0,23.0,71139.5,0.0
1,23600,GIFT_BASKET,71140,2,71139.0,13.0,71138.0,27.0,71151,2,71152.0,13.0,71153.0,27.0,71145.5,0.0
1,23700,GIFT_BASKET,71128,1,71127.0,10.0,71126.0,23.0,71139,1,71140.0,10.0,71141.0,23.0,71133.5,0.0
1,23800,GIFT_BASKET,71127,13,71126.0,20.0,,,71140,13,71141.0,20.0,,,71133.5,0.0
1,23900,GIFT_BASKET,71135,12,71134.0,25.0,,,71148,12,71149.0,25.0,,,71141.5,0.0
1,24000,GIFT_BASKET,71127,18,71126.0,24.0,,,71140,18,71141.0,24.0,,,71133.5,0.0
1,24100,GIFT_BASKET,71142,5,71132.0,2.0,71131.0,17.0,71143,2,71144.0,17.0,71145.0,23.0,71142.5,0.0
1,24200,GIFT_BASKET,71131,1,71130.0,16.0,71129.0,22.0,71142,1,71143.0,16.0,71144.0,22.0,71136.5,0.0
1,24300,GIFT_BASKET,71112,17,71111.0,20.0,,,71125,17,71126.0,20.0,,,71118.5,0.0
1,24400,GIFT_BASKET,71120,1,71119.0,13.0,71117.0,26.0,71131,1,71132.0,13.0,71133.0,26.0,71125.5,0.0
1,24500,GIFT_BASKET,71127,2,71126.0,18.0,71125.0,26.0,71138,2,71139.0,18.0,71140.0,26.0,71132.5,0.0
1,24600,GIFT_BASKET,71127,2,71126.0,15.0,71125.0,20.0,71138,2,71139.0,15.0,71140.0,20.0,71132.5,0.0
1,24700,GIFT_BASKET,71127,2,71126.0,13.0,71125.0,26.0,71132,8,71138.0,2.0,71139.0,13.0,71129.5,0.0
1,24800,GIFT_BASKET,71136,12,71135.0,18.0,,,71149,12,71150.0,18.0,,,71142.5,0.0
1,24900,GIFT_BASKET,71124,14,71123.0,23.0,,,71137,14,71138.0,23.0,,,71130.5,0.0
1,25000,GIFT_BASKET,71125,1,71124.0,16.0,71122.0,15.0,71136,1,71137.0,16.0,71138.0,15.0,71130.5,0.0
1,25100,GIFT_BASKET,71118,1,71117.0,15.0,71116.0,28.0,71129,1,71130.0,15.0,71131.0,28.0,71123.5,0.0
1,25200,GIFT_BASKET,71108,2,71107.0,18.0,71106.0,20.0,71119,2,71120.0,18.0,71121.0,20.0,71113.5,0.0
1,25300,GIFT_BASKET,71106,1,71105.0,11.0,71104.0,16.0,71111,1,71117.0,1.0,71118.0,11.0,71108.5,0.0
1,25400,GIFT_BASKET,71096,2,71095.0,10.0,71093.0,30.0,71107,2,71108.0,10.0,71109.0,30.0,71101.5,0.0
1,25500,GIFT_BASKET,71104,1,71103.0,19.0,71101.0,28.0,71115,1,71116.0,19.0,71117.0,28.0,71109.5,0.0
1,25600,GIFT_BASKET,71105,11,71104.0,22.0,,,71118,11,71119.0,22.0,,,71111.5,0.0
1,25700,GIFT_BASKET,71107,1,71106.0,12.0,71105.0,18.0,71118,1,71119.0,12.0,71120.0,18.0,71112.5,0.0
1,25800,GIFT_BASKET,71101,2,71100.0,20.0,71099.0,17.0,71112,2,71113.0,20.0,71114.0,17.0,71106.5,0.0
1,25900,GIFT_BASKET,71108,2,71107.0,11.0,71106.0,19.0,71119,2,71120.0,11.0,71121.0,19.0,71113.5,0.0
1,26000,GIFT_BASKET,71098,10,71097.0,27.0,,,71111,10,71112.0,27.0,,,71104.5,0.0
1,26100,GIFT_BASKET,71119,1,71118.0,13.0,71117.0,27.0,71130,1,71131.0,13.0,71132.0,27.0,71124.5,0.0
1,26200,GIFT_BASKET,71121,2,71120.0,13.0,71119.0,30.0,71132,2,71133.0,13.0,71134.0,30.0,71126.5,0.0
1,26300,GIFT_BASKET,71126,1,71125.0,16.0,71124.0,20.0,71137,1,71138.0,16.0,71139.0,20.0,71131.5,0.0
1,26400,GIFT_BASKET,71126,5,71120.0,19.0,71119.0,15.0,71133,19,71134.0,15.0,,,71129.5,0.0
1,26500,GIFT_BASKET,71118,1,71117.0,16.0,71116.0,28.0,71129,1,71130.0,16.0,71131.0,28.0,71123.5,0.0
1,26600,GIFT_BASKET,71133,2,71132.0,15.0,71131.0,17.0,71144,2,71145.0,15.0,71147.0,17.0,71138.5,0.0
1,26700,GIFT_BASKET,71142,14,71141.0,16.0,,,71155,14,71156.0,16.0,,,71148.5,0.0
1,26800,GIFT_BASKET,71134,15,71133.0,20.0,,,71147,15,71149.0,20.0,,,71140.5,0.0
1,26900,GIFT_BASKET,71139,15,71138.0,16.0,,,71152,15,71153.0,16.0,,,71145.5,0.0
1,27000,GIFT_BASKET,71142,1,71141.0,11.0,71140.0,19.0,71153,1,71154.0,11.0,71155.0,19.0,71147.5,0.0
1,27100,GIFT_BASKET,71149,2,71148.0,16.0,71147.0,28.0,71160,2,71161.0,16.0,71162.0,28.0,71154.5,0.0
1,27200,GIFT_BASKET,71141,2,71140.0,15.0,71139.0,29.0,71152,2,71153.0,15.0,71154.0,29.0,71146.5,0.0
1,27300,GIFT_BASKET,71138,13,71137.0,28.0,,,71151,13,71152.0,28.0,,,71144.5,0.0
1,27400,GIFT_BASKET,71138,1,71137.0,17.0,71136.0,23.0,71149,1,71150.0,17.0,71151.0,23.0,71143.5,0.0
1,27500,GIFT_BASKET,71138,15,71137.0,18.0,,,71152,15,71153.0,18.0,,,71145.0,0.0
1,27600,GIFT_BASKET,71139,2,71138.0,18.0,71137.0,26.0,71150,2,71151.0,18.0,71153.0,26.0,71144.5,0.0
1,27700,GIFT_BASKET,71119,2,71118.0,18.0,71117.0,24.0,71130,2,71131.0,18.0,71132.0,24.0,71124.5,0.0
1,27800,GIFT_BASKET,71117,2,71116.0,17.0,71115.0,29.0,71128,2,71130.0,17.0,71131.0,29.0,71122.5,0.0
1,27900,GIFT_BASKET,71114,14,71112.0,20.0,,,71127,14,71128.0,20.0,,,71120.5,0.0
1,28000,GIFT_BASKET,71128,14,71127.0,20.0,,,71141,14,71142.0,20.0,,,71134.5,0.0
1,28100,GIFT_BASKET,71117,1,71116.0,10.0,71115.0,29.0,71128,1,71129.0,10.0,71130.0,29.0,71122.5,0.0
1,28200,GIFT_BASKET,71122,15,71121.0,18.0,,,71135,15,71136.0,18.0,,,71128.5,0.0
1,28300,GIFT_BASKET,71134,2,71133.0,11.0,71132.0,22.0,71145,2,71146.0,11.0,71147.0,22.0,71139.5,0.0
1,28400,GIFT_BASKET,71137,13,71136.0,25.0,,,71150,13,71151.0,25.0,,,71143.5,0.0
1,28500,GIFT_BASKET,71132,2,71131.0,16.0,71130.0,16.0,71143,2,71144.0,16.0,71146.0,16.0,71137.5,0.0
1,28600,GIFT_BASKET,71118,2,71117.0,12.0,71116.0,21.0,71129,2,71130.0,12.0,71131.0,21.0,71123.5,0.0
1,28700,GIFT_BASKET,71116,2,71115.0,11.0,71114.0,29.0,71127,2,71128.0,11.0,71129.0,29.0,71121.5,0.0
1,28800,GIFT_BASKET,71126,10,71125.0,26.0,,,71139,10,71140.0,26.0,,,71132.5,0.0
1,28900,GIFT_BASKET,71129,1,71128.0,14.0,71127.0,30.0,71140,1,71141.0,14.0,71142.0,30.0,71134.5,0.0
1,29000,GIFT_BASKET,71135,2,71133.0,16.0,71132.0,16.0,71145,2,71147.0,16.0,71148.0,16.0,71140.0,0.0
1,29100,GIFT_BASKET,71131,15,71130.0,18.0,,,71144,15,71145.0,18.0,,,71137.5,0.0
1,29200,GIFT_BASKET,71123,1,71122.0,18.0,71121.0,19.0,71134,1,71135.0,18.0,71136.0,19.0,71128.5,0.0
1,29300,GIFT_BASKET,71123,1,71122.0,15.0,71121.0,25.0,71134,1,71135.0,15.0,71136.0,25.0,71128.5,0.0
1,29400,GIFT_BASKET,71112,2,71111.0,11.0,71110.0,21.0,71123,2,71124.0,11.0,71126.0,21.0,71117.5,0.0
1,29500,GIFT_BASKET,71102,19,71101.0,28.0,,,71115,19,71116.0,28.0,,,71108.5,0.0
1,29600,GIFT_BASKET,71107,1,71106.0,13.0,71105.0,28.0,71118,1,71119.0,13.0,71120.0,28.0,71112.5,0.0
1,29700,GIFT_BASKET,71113,1,71111.0,17.0,71110.0,19.0,71124,1,71125.0,17.0,71126.0,19.0,71118.5,0.0
1,29800,GIFT_BASKET,71101,15,71100.0,23.0,,,71115,15,71116.0,23.0,,,71108.0,0.0
1,29900,GIFT_BASKET,71103,2,71102.0,10.0,71101.0,30.0,71114,2,71115.0,10.0,71116.0,30.0,71108.5,0.0
1,30000,GIFT_BASKET,71105,2,71104.0,19.0,71103.0,15.0,71110,2,71116.0,2.0,71117.0,19.0,71107.5,0.0
1,30100,GIFT_BASKET,71105,1,71104.0,16.0,71103.0,24.0,71116,1,71117.0,16.0,71118.0,24.0,71110.5,0.0
1,30200,GIFT_BASKET,71107,2,71106.0,19.0,71105.0,27.0,71118,2,71119.0,19.0,71120.0,27.0,71112.5,0.0
1,30300,GIFT_BASKET,71125,2,71124.0,15.0,71123.0,29.0,71136,2,71137.0,15.0,71138.0,29.0,71130.5,0.0
1,30400,GIFT_BASKET,71143,2,71137.0,18.0,71136.0,25.0,71150,18,71151.0,25.0,,,71146.5,0.0
1,30500,GIFT_BASKET,71136,2,71135.0,12.0,71134.0,17.0,71147,2,71148.0,12.0,71149.0,17.0,71141.5,0.0
1,30600,GIFT_BASKET,71134,2,71133.0,13.0,71132.0,15.0,71145,2,71146.0,13.0,71147.0,15.0,71139.5,0.0
1,30700,GIFT_BASKET,71131,2,71130.0,17.0,71129.0,22.0,71142,2,71143.0,17.0,71144.0,22.0,71136.5,0.0
1,30800,GIFT_BASKET,71125,2,71124.0,15.0,71123.0,21.0,71136,2,71137.0,15.0,71138.0,21.0,71130.5,0.0
1,30900,GIFT_BASKET,71121,17,71119.0,23.0,,,71134,17,71135.0,23.0,,,71127.5,0.0
1,31000,GIFT_BASKET,71115,2,71114.0,18.0,71113.0,27.0,71126,2,71127.0,18.0,71129.0,27.0,71120.5,0.0
1,31100,GIFT_BASKET,71105,15,71104.0,30.0,,,71111,4,71118.0,15.0,71119.0,30.0,71108.0,0.0
1,31200,GIFT_BASKET,71116,1,71115.0,18.0,71114.0,22.0,71127,1,71128.0,18.0,71129.0,22.0,71121.5,0.0
1,31300,GIFT_BASKET,71129,2,71128.0,16.0,71127.0,22.0,71140,2,71141.0,16.0,71142.0,22.0,71134.5,0.0
1,31400,GIFT_BASKET,71125,14,71124.0,22.0,,,71138,14,71139.0,22.0,,,71131.5,0.0
1,31500,GIFT_BASKET,71128,1,71127.0,20.0,71126.0,25.0,71139,1,71140.0,20.0,71141.0,25.0,71133.5,0.0
1,31600,GIFT_BASKET,71130,14,71129.0,19.0,,,71143,14,71144.0,19.0,,,71136.5,0.0
1,31700,GIFT_BASKET,71128,15,71127.0,18.0,,,71141,15,71142.0,18.0,,,71134.5,0.0
1,31800,GIFT_BASKET,71127,2,71126.0,11.0,71125.0,26.0,71138,2,71139.0,11.0,71140.0,26.0,71132.5,0.0
1,31900,GIFT_BASKET,71132,2,71131.0,19.0,71129.0,15.0,71143,2,71144.0,19.0,71145.0,15.0,71137.5,0.0
1,32000,GIFT_BASKET,71123,2,71122.0,10.0,71121.0,24.0,71134,2,71135.0,10.0,71136.0,24.0,71128.5,0.0
1,32100,GIFT_BASKET,71116,20,71115.0,30.0,,,71129,20,71130.0,30.0,,,71122.5,0.0
1,32200,GIFT_BASKET,71111,1,71110.0,19.0,71109.0,26.0,71122,1,71123.0,19.0,71124.0,26.0,71116.5,0.0
1,32300,GIFT_BASKET,71114,2,71113.0,20.0,71112.0,29.0,71125,2,71126.0,20.0,71127.0,29.0,71119.5,0.0
1,32400,GIFT_BASKET,71108,16,71107.0,27.0,,,71114,1,71121.0,16.0,71122.0,27.0,71111.0,0.0
1,32500,GIFT_BASKET,71114,2,71113.0,18.0,71112.0,27.0,71125,2,71126.0,18.0,71127.0,27.0,71119.5,0.0
1,32600,GIFT_BASKET,71099,2,71098.0,13.0,71097.0,20.0,71110,2,71111.0,13.0,71113.0,20.0,71104.5,0.0
1,32700,GIFT_BASKET,71099,2,71098.0,16.0,71097.0,25.0,71104,1,71110.0,2.0,71111.0,16.0,71101.5,0.0
1,32800,GIFT_BASKET,71102,14,71101.0,29.0,,,71115,14,71116.0,29.0,,,71108.5,0.0
1,32900,GIFT_BASKET,71094,1,71093.0,16.0,71092.0,15.0,71099,1,71105.0,1.0,71106.0,16.0,71096.5,0.0
1,33000,GIFT_BASKET,71095,16,71094.0,18.0,,,71108,16,71109.0,18.0,,,71101.5,0.0
1,33100,GIFT_BASKET,71103,1,71102.0,17.0,71101.0,24.0,71114,1,71115.0,17.0,71116.0,24.0,71108.5,0.0
1,33200,GIFT_BASKET,71107,1,71106.0,20.0,71105.0,18.0,71118,1,71119.0,20.0,71120.0,18.0,71112.5,0.0
1,33300,GIFT_BASKET,71110,1,71108.0,19.0,71107.0,23.0,71120,1,71122.0,19.0,71123.0,23.0,71115.0,0.0
1,33400,GIFT_BASKET,71115,12,71114.0,22.0,,,71128,12,71129.0,22.0,,,71121.5,0.0
1,33500,GIFT_BASKET,71114,2,71113.0,11.0,71112.0,20.0,71125,2,71126.0,11.0,71127.0,20.0,71119.5,0.0
1,33600,GIFT_BASKET,71114,18,71113.0,20.0,,,71120,2,71128.0,18.0,71129.0,20.0,71117.0,0.0
1,33700,GIFT_BASKET,71107,1,71106.0,16.0,71105.0,15.0,71118,1,71119.0,16.0,71120.0,15.0,71112.5,0.0
1,33800,GIFT_BASKET,71104,10,71103.0,22.0,,,71117,10,71118.0,22.0,,,71110.5,0.0
1,33900,GIFT_BASKET,71102,1,71101.0,15.0,71100.0,24.0,71113,1,71114.0,15.0,71115.0,24.0,71107.5,0.0
1,34000,GIFT_BASKET,71100,2,71099.0,20.0,71098.0,19.0,71111,2,71112.0,20.0,71113.0,19.0,71105.5,0.0
1,34100,GIFT_BASKET,71085,2,71084.0,11.0,71083.0,15.0,71096,2,71097.0,11.0,71098.0,15.0,71090.5,0.0
1,34200,GIFT_BASKET,71085,2,71084.0,14.0,71083.0,20.0,71096,2,71098.0,14.0,71099.0,20.0,71090.5,0.0
1,34300,GIFT_BASKET,71089,1,71088.0,17.0,71087.0,15.0,71100,1,71101.0,17.0,71102.0,15.0,71094.5,0.0
1,34400,GIFT_BASKET,71091,2,71090.0,16.0,71089.0,16.0,71102,2,71103.0,16.0,71105.0,16.0,71096.5,0.0
1,34500,GIFT_BASKET,71095,2,71094.0,20.0,71093.0,24.0,71106,2,71107.0,20.0,71108.0,24.0,71100.5,0.0
1,34600,GIFT_BASKET,71092,11,71091.0,18.0,,,71105,11,71106.0,18.0,,,71098.5,0.0
1,34700,GIFT_BASKET,71099,2,71098.0,14.0,71097.0,29.0,71110,2,71111.0,14.0,71112.0,29.0,71104.5,0.0
1,34800,GIFT_BASKET,71091,2,71090.0,16.0,71088.0,26.0,71102,2,71103.0,16.0,71104.0,26.0,71096.5,0.0
1,34900,GIFT_BASKET,71101,10,71100.0,16.0,,,71115,10,71116.0,16.0,,,71108.0,0.0
1,35000,GIFT_BASKET,71098,14,71097.0,21.0,,,71104,1,71111.0,14.0,71112.0,21.0,71101.0,0.0
1,35100,GIFT_BASKET,71102,2,71100.0,17.0,71099.0,27.0,71112,2,71114.0,17.0,71115.0,27.0,71107.0,0.0
1,35200,GIFT_BASKET,71110,13,71109.0,25.0,,,71123,13,71124.0,25.0,,,71116.5,0.0
1,35300,GIFT_BASKET,71108,1,71107.0,11.0,71106.0,27.0,71119,1,71120.0,11.0,71121.0,27.0,71113.5,0.0
1,35400,GIFT_BASKET,71112,2,71111.0,20.0,71110.0,23.0,71123,2,71124.0,20.0,71125.0,23.0,71117.5,0.0
1,35500,GIFT_BASKET,71105,2,71104.0,20.0,71103.0,26.0,71116,2,71117.0,20.0,71118.0,26.0,71110.5,0.0
1,35600,GIFT_BASKET,71111,1,71110.0,19.0,71109.0,26.0,71122,1,71123.0,19.0,71124.0,26.0,71116.5,0.0
1,35700,GIFT_BASKET,71108,2,71107.0,13.0,71106.0,27.0,71119,2,71120.0,13.0,71121.0,27.0,71113.5,0.0
1,35800,GIFT_BASKET,71117,7,71112.0,2.0,71111.0,14.0,71123,2,71124.0,14.0,71125.0,18.0,71120.0,0.0
1,35900,GIFT_BASKET,71118,2,71117.0,19.0,71116.0,16.0,71129,2,71130.0,19.0,71131.0,16.0,71123.5,0.0
1,36000,GIFT_BASKET,71126,10,71125.0,26.0,,,71139,10,71140.0,26.0,,,71132.5,0.0
1,36100,GIFT_BASKET,71123,2,71122.0,20.0,71121.0,26.0,71134,2,71135.0,20.0,71136.0,26.0,71128.5,0.0
1,36200,GIFT_BASKET,71131,1,71130.0,16.0,71129.0,26.0,71142,1,71143.0,16.0,71144.0,26.0,71136.5,0.0
1,36300,GIFT_BASKET,71141,1,71140.0,10.0,71139.0,23.0,71152,1,71153.0,10.0,71154.0,23.0,71146.5,0.0
1,36400,GIFT_BASKET,71142,1,71141.0,16.0,71140.0,23.0,71153,1,71154.0,16.0,71155.0,23.0,71147.5,0.0
1,36500,GIFT_BASKET,71140,2,71139.0,16.0,71138.0,22.0,71151,2,71152.0,16.0,71153.0,22.0,71145.5,0.0
1,36600,GIFT_BASKET,71151,1,71150.0,12.0,71149.0,27.0,71162,1,71163.0,12.0,71164.0,27.0,71156.5,0.0
1,36700,GIFT_BASKET,71156,1,71155.0,19.0,71154.0,24.0,71167,1,71168.0,19.0,71169.0,24.0,71161.5,0.0
1,36800,GIFT_BASKET,71162,2,71161.0,14.0,71160.0,20.0,71173,2,71174.0,14.0,71175.0,20.0,71167.5,0.0
1,36900,GIFT_BASKET,71153,16,71152.0,28.0,,,71166,16,71167.0,28.0,,,71159.5,0.0
1,37000,GIFT_BASKET,71156,2,71155.0,11.0,71154.0,20.0,71167,2,71168.0,11.0,71169.0,20.0,71161.5,0.0
1,37100,GIFT_BASKET,71147,15,71146.0,18.0,,,71153,5,71160.0,15.0,71161.0,18.0,71150.0,0.0
1,37200,GIFT_BASKET,71136,2,71135.0,15.0,71134.0,29.0,71147,2,71148.0,15.0,71149.0,29.0,71141.5,0.0
1,37300,GIFT_BASKET,71136,1,71135.0,16.0,71134.0,24.0,71147,1,71148.0,16.0,71149.0,24.0,71141.5,0.0
1,37400,GIFT_BASKET,71152,4,71140.0,13.0,71139.0,17.0,71153,13,71154.0,17.0,,,71152.5,0.0
1,37500,GIFT_BASKET,71137,1,71136.0,14.0,71135.0,15.0,71148,1,71149.0,14.0,71150.0,15.0,71142.5,0.0
1,37600,GIFT_BASKET,71123,1,71122.0,19.0,71121.0,26.0,71134,1,71135.0,19.0,71137.0,26.0,71128.5,0.0
1,37700,GIFT_BASKET,71116,4,71110.0,10.0,71109.0,28.0,71124,10,71125.0,28.0,,,71120.0,0.0
1,37800,GIFT_BASKET,71120,2,71119.0,16.0,71117.0,16.0,71131,2,71132.0,16.0,71133.0,16.0,71125.5,0.0
1,37900,GIFT_BASKET,71113,2,71112.0,20.0,71111.0,25.0,71124,2,71125.0,20.0,71127.0,25.0,71118.5,0.0
1,38000,GIFT_BASKET,71114,20,71113.0,23.0,,,71127,20,71128.0,23.0,,,71120.5,0.0
1,38100,GIFT_BASKET,71108,1,71107.0,10.0,71106.0,17.0,71119,1,71120.0,10.0,71122.0,17.0,71113.5,0.0
1,38200,GIFT_BASKET,71132,2,71131.0,16.0,71130.0,29.0,71143,2,71144.0,16.0,71145.0,29.0,71137.5,0.0
1,38300,GIFT_BASKET,71129,15,71128.0,25.0,,,71142,15,71143.0,25.0,,,71135.5,0.0
1,38400,GIFT_BASKET,71124,2,71123.0,18.0,71122.0,19.0,71135,2,71136.0,18.0,71137.0,19.0,71129.5,0.0
1,38500,GIFT_BASKET,71133,2,71132.0,18.0,71131.0,27.0,71144,2,71145.0,18.0,71146.0,27.0,71138.5,0.0
1,38600,GIFT_BASKET,71125,2,71124.0,13.0,71123.0,15.0,71136,2,71137.0,13.0,71138.0,15.0,71130.5,0.0
1,38700,GIFT_BASKET,71124,2,71123.0,10.0,71122.0,17.0,71135,2,71136.0,10.0,71137.0,17.0,71129.5,0.0
1,38800,GIFT_BASKET,71120,2,71119.0,10.0,71118.0,24.0,71131,2,71132.0,10.0,71133.0,24.0,71125.5,0.0
1,38900,GIFT_BASKET,71145,8,71140.0,2.0,71138.0,18.0,71150,2,71152.0,18.0,71153.0,16.0,71147.5,0.0
1,39000,GIFT_BASKET,71145,1,71144.0,15.0,71143.0,24.0,71156,1,71157.0,15.0,71158.0,24.0,71150.5,0.0
1,39100,GIFT_BASKET,71143,2,71142.0,16.0,71141.0,28.0,71154,2,71155.0,16.0,71156.0,28.0,71148.5,0.0
1,39200,GIFT_BASKET,71139,15,71138.0,28.0,,,71152,15,71153.0,28.0,,,71145.5,0.0
1,39300,GIFT_BASKET,71134,11,71133.0,26.0,,,71147,11,71148.0,26.0,,,71140.5,0.0
1,39400,GIFT_BASKET,71147,7,71141.0,11.0,71140.0,23.0,71154,11,71155.0,23.0,,,71150.5,0.0
1,39500,GIFT_BASKET,71138,19,71137.0,19.0,,,71151,19,71153.0,19.0,,,71144.5,0.0
1,39600,GIFT_BASKET,71136,1,71135.0,19.0,71134.0,22.0,71147,1,71148.0,19.0,71149.0,22.0,71141.5,0.0
1,39700,GIFT_BASKET,71133,1,71132.0,11.0,71131.0,27.0,71144,1,71145.0,11.0,71146.0,27.0,71138.5,0.0
1,39800,GIFT_BASKET,71125,2,71124.0,13.0,71122.0,17.0,71136,2,71137.0,13.0,71138.0,17.0,71130.5,0.0
1,39900,GIFT_BASKET,71120,1,71119.0,19.0,71118.0,17.0,71131,1,71132.0,19.0,71133.0,17.0,71125.5,0.0
1,40000,GIFT_BASKET,71116,1,71115.0,19.0,71114.0,19.0,71127,1,71128.0,19.0,71129.0,19.0,71121.5,0.0
1,40100,GIFT_BASKET,71108,19,71107.0,17.0,,,71121,19,71122.0,17.0,,,71114.5,0.0
1,40200,GIFT_BASKET,71112,1,71111.0,16.0,71110.0,16.0,71123,1,71124.0,16.0,71125.0,16.0,71117.5,0.0
1,40300,GIFT_BASKET,71116,1,71115.0,20.0,71114.0,25.0,71127,1,71128.0,20.0,71129.0,25.0,71121.5,0.0
1,40400,GIFT_BASKET,71112,2,71111.0,20.0,71110.0,25.0,71123,2,71124.0,20.0,71125.0,25.0,71117.5,0.0
1,40500,GIFT_BASKET,71100,1,71099.0,14.0,71098.0,27.0,71111,1,71112.0,14.0,71113.0,27.0,71105.5,0.0
1,40600,GIFT_BASKET,71109,12,71108.0,26.0,,,71122,12,71123.0,26.0,,,71115.5,0.0
1,40700,GIFT_BASKET,71116,1,71115.0,15.0,71114.0,23.0,71127,1,71128.0,15.0,71129.0,23.0,71121.5,0.0
1,40800,GIFT_BASKET,71105,18,71104.0,29.0,,,71118,18,71119.0,29.0,,,71111.5,0.0
1,40900,GIFT_BASKET,71111,16,71110.0,27.0,,,71124,16,71125.0,27.0,,,71117.5,0.0
1,41000,GIFT_BASKET,71120,1,71119.0,16.0,71117.0,22.0,71131,1,71132.0,16.0,71133.0,22.0,71125.5,0.0
1,41100,GIFT_BASKET,71115,2,71114.0,19.0,71113.0,22.0,71126,2,71127.0,19.0,71128.0,22.0,71120.5,0.0
1,41200,GIFT_BASKET,71113,19,71112.0,17.0,,,71126,19,71127.0,17.0,,,71119.5,0.0
1,41300,GIFT_BASKET,71111,20,71110.0,29.0,,,71124,20,71125.0,29.0,,,71117.5,0.0
1,41400,GIFT_BASKET,71114,1,71112.0,19.0,71111.0,27.0,71124,1,71126.0,19.0,71127.0,27.0,71119.0,0.0
1,41500,GIFT_BASKET,71125,2,71124.0,16.0,71123.0,16.0,71136,2,71137.0,16.0,71138.0,16.0,71130.5,0.0
1,41600,GIFT_BASKET,71122,13,71121.0,16.0,,,71135,13,71136.0,16.0,,,71128.5,0.0
1,41700,GIFT_BASKET,71129,19,71128.0,23.0,,,71142,19,71143.0,23.0,,,71135.5,0.0
1,41800,GIFT_BASKET,71126,1,71125.0,19.0,71124.0,26.0,71137,1,71138.0,19.0,71139.0,26.0,71131.5,0.0
1,41900,GIFT_BASKET,71117,16,71116.0,27.0,,,71130,16,71131.0,27.0,,,71123.5,0.0
1,42000,GIFT_BASKET,71139,1,71138.0,11.0,71137.0,30.0,71150,1,71151.0,11.0,71153.0,30.0,71144.5,0.0
1,42100,GIFT_BASKET,71132,15,71131.0,18.0,,,71145,15,71146.0,18.0,,,71138.5,0.0
1,42200,GIFT_BASKET,71132,19,71131.0,30.0,,,71145,19,71146.0,30.0,,,71138.5,0.0
1,42300,GIFT_BASKET,71129,2,71128.0,15.0,71127.0,19.0,71140,2,71141.0,15.0,71142.0,19.0,71134.5,0.0
1,42400,GIFT_BASKET,71126,2,71125.0,16.0,71124.0,26.0,71137,2,71138.0,16.0,71139.0,26.0,71131.5,0.0
1,42500,GIFT_BASKET,71117,13,71116.0,25.0,,,71130,13,71131.0,25.0,,,71123.5,0.0
1,42600,GIFT_BASKET,71097,16,71096.0,17.0,,,71110,16,71111.0,17.0,,,71103.5,0.0
1,42700,GIFT_BASKET,71098,1,71097.0,13.0,71096.0,19.0,71109,1,71110.0,13.0,71111.0,19.0,71103.5,0.0
1,42800,GIFT_BASKET,71104,17,71103.0,21.0,,,71117,17,71119.0,21.0,,,71110.5,0.0
1,42900,GIFT_BASKET,71106,17,71105.0,15.0,,,71119,17,71120.0,15.0,,,71112.5,0.0
1,43000,GIFT_BASKET,71095,1,71094.0,17.0,71093.0,17.0,71106,1,71107.0,17.0,71108.0,17.0,71100.5,0.0
1,43100,GIFT_BASKET,71095,1,71094.0,13.0,71093.0,24.0,71100,7,71106.0,1.0,71107.0,13.0,71097.5,0.0
1,43200,GIFT_BASKET,71097,2,71096.0,13.0,71095.0,24.0,71108,2,71109.0,13.0,71110.0,24.0,71102.5,0.0
1,43300,GIFT_BASKET,71095,17,71094.0,22.0,,,71108,17,71109.0,22.0,,,71101.5,0.0
1,43400,GIFT_BASKET,71106,2,71105.0,15.0,71104.0,19.0,71117,2,71118.0,15.0,71120.0,19.0,71111.5,0.0
1,43500,GIFT_BASKET,71110,1,71109.0,13.0,71108.0,24.0,71121,1,71122.0,13.0,71123.0,24.0,71115.5,0.0
1,43600,GIFT_BASKET,71124,3,71112.0,11.0,71111.0,18.0,71125,11,71126.0,18.0,,,71124.5,0.0
1,43700,GIFT_BASKET,71113,1,71112.0,18.0,71111.0,30.0,71124,1,71125.0,18.0,71126.0,30.0,71118.5,0.0
1,43800,GIFT_BASKET,71111,1,71110.0,17.0,71109.0,23.0,71122,1,71123.0,17.0,71124.0,23.0,71116.5,0.0
1,43900,GIFT_BASKET,71127,2,71126.0,11.0,71125.0,15.0,71138,2,71139.0,11.0,71140.0,15.0,71132.5,0.0
1,44000,GIFT_BASKET,71132,2,71131.0,16.0,71130.0,16.0,71143,2,71144.0,16.0,71145.0,16.0,71137.5,0.0
1,44100,GIFT_BASKET,71124,2,71123.0,13.0,71122.0,28.0,71135,2,71136.0,13.0,71137.0,28.0,71129.5,0.0
1,44200,GIFT_BASKET,71118,14,71117.0,29.0,,,71131,14,71132.0,29.0,,,71124.5,0.0
1,44300,GIFT_BASKET,71117,2,71116.0,10.0,71115.0,27.0,71128,2,71130.0,10.0,71131.0,27.0,71122.5,0.0
1,44400,GIFT_BASKET,71123,1,71122.0,13.0,71121.0,16.0,71134,1,71135.0,13.0,71136.0,16.0,71128.5,0.0
1,44500,GIFT_BASKET,71121,14,71120.0,28.0,,,71134,14,71135.0,28.0,,,71127.5,0.0
1,44600,GIFT_BASKET,71139,4,71128.0,1.0,71127.0,20.0,71140,20,71141.0,23.0,,,71139.5,0.0
1,44700,GIFT_BASKET,71138,2,71137.0,13.0,71136.0,25.0,71149,2,71150.0,13.0,71151.0,25.0,71143.5,0.0
1,44800,GIFT_BASKET,71142,10,71141.0,24.0,,,71155,10,71156.0,24.0,,,71148.5,0.0
1,44900,GIFT_BASKET,71141,6,71136.0,2.0,71135.0,20.0,71147,2,71148.0,20.0,71149.0,24.0,71144.0,0.0
1,45000,GIFT_BASKET,71139,1,71137.0,19.0,71136.0,16.0,71149,1,71151.0,19.0,71152.0,16.0,71144.0,0.0
1,45100,GIFT_BASKET,71134,20,71133.0,16.0,,,71147,20,71148.0,16.0,,,71140.5,0.0
1,45200,GIFT_BASKET,71144,8,71139.0,1.0,71138.0,13.0,71150,1,71151.0,13.0,71152.0,19.0,71147.0,0.0
1,45300,GIFT_BASKET,71144,15,71143.0,25.0,,,71157,15,71158.0,25.0,,,71150.5,0.0
1,45400,GIFT_BASKET,71154,17,71153.0,28.0,,,71167,17,71168.0,28.0,,,71160.5,0.0
1,45500,GIFT_BASKET,71138,1,71137.0,12.0,71136.0,29.0,71149,1,71150.0,12.0,71152.0,29.0,71143.5,0.0
1,45600,GIFT_BASKET,71136,1,71134.0,16.0,71133.0,28.0,71141,4,71147.0,1.0,71148.0,16.0,71138.5,0.0
1,45700,GIFT_BASKET,71129,2,71128.0,11.0,71127.0,29.0,71140,2,71141.0,11.0,71142.0,29.0,71134.5,0.0
1,45800,GIFT_BASKET,71129,2,71128.0,17.0,71127.0,15.0,71140,2,71141.0,17.0,71142.0,15.0,71134.5,0.0
1,45900,GIFT_BASKET,71131,1,71130.0,16.0,71129.0,15.0,71142,1,71143.0,16.0,71144.0,15.0,71136.5,0.0
1,46000,GIFT_BASKET,71123,16,71122.0,30.0,,,71136,16,71137.0,30.0,,,71129.5,0.0
1,46100,GIFT_BASKET,71113,13,71112.0,27.0,,,71126,13,71127.0,27.0,,,71119.5,0.0
1,46200,GIFT_BASKET,71122,15,71121.0,19.0,,,71135,15,71136.0,19.0,,,71128.5,0.0
1,46300,GIFT_BASKET,71105,2,71104.0,11.0,71103.0,21.0,71116,2,71117.0,11.0,71118.0,21.0,71110.5,0.0
1,46400,GIFT_BASKET,71104,12,71103.0,28.0,,,71118,12,71119.0,28.0,,,71111.0,0.0
1,46500,GIFT_BASKET,71080,1,71079.0,20.0,71078.0,20.0,71091,1,71092.0,20.0,71093.0,20.0,71085.5,0.0
1,46600,GIFT_BASKET,71083,20,71082.0,21.0,,,71096,20,71097.0,21.0,,,71089.5,0.0
1,46700,GIFT_BASKET,71090,1,71089.0,14.0,71088.0,21.0,71101,1,71102.0,14.0,71103.0,21.0,71095.5,0.0
1,46800,GIFT_BASKET,71102,3,71096.0,12.0,71095.0,29.0,71109,12,71111.0,29.0,,,71105.5,0.0
1,46900,GIFT_BASKET,71104,1,71103.0,17.0,71102.0,27.0,71115,1,71116.0,17.0,71117.0,27.0,71109.5,0.0
1,47000,GIFT_BASKET,71089,1,71088.0,20.0,71087.0,16.0,71100,1,71101.0,20.0,71102.0,16.0,71094.5,0.0
1,47100,GIFT_BASKET,71101,15,71099.0,30.0,,,71114,15,71115.0,30.0,,,71107.5,0.0
1,47200,GIFT_BASKET,71097,2,71095.0,19.0,71094.0,27.0,71107,2,71109.0,19.0,71110.0,27.0,71102.0,0.0
1,47300,GIFT_BASKET,71095,19,71094.0,22.0,,,71101,3,71108.0,19.0,71109.0,22.0,71098.0,0.0
1,47400,GIFT_BASKET,71085,20,71084.0,29.0,,,71098,20,71099.0,29.0,,,71091.5,0.0
1,47500,GIFT_BASKET,71102,7,71097.0,1.0,71096.0,11.0,71108,1,71109.0,11.0,71110.0,17.0,71105.0,0.0
1,47600,GIFT_BASKET,71091,15,71090.0,29.0,,,71104,15,71105.0,29.0,,,71097.5,0.0
1,47700,GIFT_BASKET,71103,15,71102.0,22.0,,,71116,15,71117.0,22.0,,,71109.5,0.0
1,47800,GIFT_BASKET,71103,20,71102.0,25.0,,,71116,20,71117.0,25.0,,,71109.5,0.0
1,47900,GIFT_BASKET,71091,14,71090.0,28.0,,,71104,14,71105.0,28.0,,,71097.5,0.0
1,48000,GIFT_BASKET,71100,1,71099.0,20.0,71098.0,17.0,71111,1,71112.0,20.0,71113.0,17.0,71105.5,0.0
1,48100,GIFT_BASKET,71111,1,71110.0,12.0,71109.0,20.0,71122,1,71123.0,12.0,71124.0,20.0,71116.5,0.0
1,48200,GIFT_BASKET,71107,1,71106.0,16.0,71105.0,24.0,71118,1,71119.0,16.0,71121.0,24.0,71112.5,0.0
1,48300,GIFT_BASKET,71109,1,71108.0,17.0,71107.0,23.0,71120,1,71121.0,17.0,71122.0,23.0,71114.5,0.0
1,48400,GIFT_BASKET,71117,2,71116.0,20.0,71115.0,15.0,71128,2,71129.0,20.0,71130.0,15.0,71122.5,0.0
1,48500,GIFT_BASKET,71122,19,71121.0,29.0,,,71135,19,71136.0,29.0,,,71128.5,0.0
1,48600,GIFT_BASKET,71128,4,71123.0,1.0,71122.0,18.0,71134,1,71136.0,18.0,71137.0,25.0,71131.0,0.0
1,48700,GIFT_BASKET,71130,1,71129.0,13.0,71128.0,19.0,71141,1,71142.0,13.0,71143.0,19.0,71135.5,0.0
1,48800,GIFT_BASKET,71134,1,71133.0,19.0,71132.0,26.0,71145,1,71146.0,19.0,71147.0,26.0,71139.5,0.0
1,48900,GIFT_BASKET,71129,13,71128.0,16.0,,,71142,13,71143.0,16.0,,,71135.5,0.0
1,49000,GIFT_BASKET,71124,1,71123.0,19.0,71122.0,27.0,71135,1,71136.0,19.0,71137.0,27.0,71129.5,0.0
1,49100,GIFT_BASKET,71109,19,71108.0,16.0,,,71122,19,71123.0,16.0,,,71115.5,0.0
1,49200,GIFT_BASKET,71113,1,71112.0,19.0,71111.0,25.0,71124,1,71125.0,19.0,71126.0,25.0,71118.5,0.0
1,49300,GIFT_BASKET,71115,16,71114.0,21.0,,,71128,16,71129.0,21.0,,,71121.5,0.0
1,49400,GIFT_BASKET,71119,1,71118.0,14.0,71117.0,15.0,71130,1,71131.0,14.0,71132.0,15.0,71124.5,0.0
1,49500,GIFT_BASKET,71117,1,71116.0,11.0,71115.0,15.0,71128,1,71129.0,11.0,71130.0,15.0,71122.5,0.0
1,49600,GIFT_BASKET,71108,2,71107.0,15.0,71106.0,21.0,71113,1,71119.0,2.0,71120.0,15.0,71110.5,0.0
1,49700,GIFT_BASKET,71116,15,71115.0,17.0,,,71129,15,71130.0,17.0,,,71122.5,0.0
1,49800,GIFT_BASKET,71105,15,71104.0,30.0,,,71118,15,71119.0,30.0,,,71111.5,0.0
1,49900,GIFT_BASKET,71110,1,71109.0,16.0,71107.0,24.0,71115,3,71121.0,1.0,71122.0,16.0,71112.5,0.0
1,50000,GIFT_BASKET,71113,2,71112.0,16.0,71110.0,20.0,71124,2,71125.0,16.0,71126.0,20.0,71118.5,0.0
1,50100,GIFT_BASKET,71118,2,71117.0,12.0,71116.0,24.0,71129,2,71130.0,12.0,71132.0,24.0,71123.5,0.0
1,50200,GIFT_BASKET,71129,7,71124.0,1.0,71123.0,14.0,71135,1,71136.0,14.0,71137.0,28.0,71132.0,0.0
1,50300,GIFT_BASKET,71131,11,71130.0,29.0,,,71144,11,71145.0,29.0,,,71137.5,0.0
1,50400,GIFT_BASKET,71124,2,71123.0,18.0,71121.0,23.0,71135,2,71136.0,18.0,71137.0,23.0,71129.5,0.0
1,50500,GIFT_BASKET,71122,1,71121.0,18.0,71120.0,19.0,71133,1,71134.0,18.0,71135.0,19.0,71127.5,0.0
1,50600,GIFT_BASKET,71120,2,71119.0,11.0,71118.0,30.0,71131,2,71132.0,11.0,71133.0,30.0,71125.5,0.0
1,50700,GIFT_BASKET,71124,11,71123.0,15.0,,,71138,11,71139.0,15.0,,,71131.0,0.0
1,50800,GIFT_BASKET,71133,2,71132.0,19.0,71131.0,15.0,71144,2,71145.0,19.0,71146.0,15.0,71138.5,0.0
1,50900,GIFT_BASKET,71122,13,71121.0,19.0,,,71135,13,71136.0,19.0,,,71128.5,0.0
1,51000,GIFT_BASKET,71126,2,71125.0,19.0,71124.0,25.0,71137,2,71138.0,19.0,71139.0,25.0,71131.5,0.0
1,51100,GIFT_BASKET,71124,13,71123.0,16.0,,,71137,13,71138.0,16.0,,,71130.5,0.0
1,51200,GIFT_BASKET,71123,16,71122.0,21.0,,,71129,6,71136.0,16.0,71138.0,21.0,71126.0,0.0
1,51300,GIFT_BASKET,71118,2,71117.0,16.0,71116.0,20.0,71129,2,71130.0,16.0,71131.0,20.0,71123.5,0.0
1,51400,GIFT_BASKET,71133,5,71128.0,1.0,71127.0,16.0,71139,1,71140.0,16.0,71141.0,27.0,71136.0,0.0
1,51500,GIFT_BASKET,71132,14,71131.0,25.0,,,71145,14,71146.0,25.0,,,71138.5,0.0
1,51600,GIFT_BASKET,71149,2,71139.0,2.0,71138.0,10.0,71150,2,71151.0,10.0,71152.0,26.0,71149.5,0.0
1,51700,GIFT_BASKET,71128,2,71127.0,18.0,71126.0,22.0,71139,2,71140.0,18.0,71141.0,22.0,71133.5,0.0
1,51800,GIFT_BASKET,71125,16,71124.0,30.0,,,71138,16,71139.0,30.0,,,71131.5,0.0
1,51900,GIFT_BASKET,71129,2,71128.0,10.0,71127.0,29.0,71140,2,71141.0,10.0,71142.0,29.0,71134.5,0.0
1,52000,GIFT_BASKET,71135,16,71134.0,29.0,,,71148,16,71149.0,29.0,,,71141.5,0.0
1,52100,GIFT_BASKET,71127,1,71126.0,12.0,71125.0,25.0,71138,1,71139.0,12.0,71140.0,25.0,71132.5,0.0
1,52200,GIFT_BASKET,71117,14,71116.0,27.0,,,71130,14,71131.0,27.0,,,71123.5,0.0
1,52300,GIFT_BASKET,71122,13,71121.0,30.0,,,71135,13,71136.0,30.0,,,71128.5,0.0
1,52400,GIFT_BASKET,71118,1,71117.0,20.0,71116.0,28.0,71129,1,71130.0,20.0,71131.0,28.0,71123.5,0.0
1,52500,GIFT_BASKET,71101,2,71100.0,17.0,71099.0,23.0,71112,2,71113.0,17.0,71114.0,23.0,71106.5,0.0
1,52600,GIFT_BASKET,71109,1,71108.0,16.0,71107.0,28.0,71120,1,71121.0,16.0,71122.0,28.0,71114.5,0.0
1,52700,GIFT_BASKET,71123,8,71118.0,1.0,71117.0,19.0,71129,1,71130.0,19.0,71131.0,15.0,71126.0,0.0
1,52800,GIFT_BASKET,71126,2,71124.0,15.0,71123.0,30.0,71130,6,71136.0,2.0,71138.0,15.0,71128.0,0.0
1,52900,GIFT_BASKET,71124,1,71123.0,10.0,71122.0,23.0,71135,1,71136.0,10.0,71137.0,23.0,71129.5,0.0
1,53000,GIFT_BASKET,71110,1,71109.0,19.0,71108.0,21.0,71121,1,71122.0,19.0,71123.0,21.0,71115.5,0.0
1,53100,GIFT_BASKET,71122,4,71111.0,2.0,71110.0,16.0,71123,16,71124.0,26.0,,,71122.5,0.0
1,53200,GIFT_BASKET,71105,20,71104.0,30.0,,,71118,20,71119.0,30.0,,,71111.5,0.0
1,53300,GIFT_BASKET,71101,6,71095.0,17.0,71094.0,15.0,71108,17,71109.0,15.0,,,71104.5,0.0
1,53400,GIFT_BASKET,71094,2,71093.0,14.0,71092.0,21.0,71105,2,71106.0,14.0,71108.0,21.0,71099.5,0.0
1,53500,GIFT_BASKET,71086,13,71085.0,20.0,,,71099,13,71100.0,20.0,,,71092.5,0.0
1,53600,GIFT_BASKET,71100,1,71099.0,12.0,71098.0,26.0,71111,1,71112.0,12.0,71113.0,26.0,71105.5,0.0
1,53700,GIFT_BASKET,71087,19,71086.0,26.0,,,71100,19,71102.0,26.0,,,71093.5,0.0
1,53800,GIFT_BASKET,71083,15,71082.0,23.0,,,71096,15,71098.0,23.0,,,71089.5,0.0
1,53900,GIFT_BASKET,71073,1,71072.0,14.0,71071.0,30.0,71084,1,71085.0,14.0,71086.0,30.0,71078.5,0.0
1,54000,GIFT_BASKET,71069,1,71068.0,12.0,71067.0,30.0,71080,1,71081.0,12.0,71082.0,30.0,71074.5,0.0
1,54100,GIFT_BASKET,71051,1,71050.0,17.0,71049.0,27.0,71062,1,71063.0,17.0,71064.0,27.0,71056.5,0.0
1,54200,GIFT_BASKET,71054,1,71053.0,12.0,71052.0,30.0,71065,1,71066.0,12.0,71067.0,30.0,71059.5,0.0
1,54300,GIFT_BASKET,71064,8,71059.0,2.0,71058.0,16.0,71070,2,71071.0,16.0,71072.0,29.0,71067.0,0.0
1,54400,GIFT_BASKET,71054,15,71053.0,27.0,,,71067,15,71068.0,27.0,,,71060.5,0.0
1,54500,GIFT_BASKET,71065,2,71064.0,12.0,71063.0,17.0,71076,2,71077.0,12.0,71078.0,17.0,71070.5,0.0
1,54600,GIFT_BASKET,71064,1,71063.0,17.0,71062.0,17.0,71075,1,71076.0,17.0,71077.0,17.0,71069.5,0.0
1,54700,GIFT_BASKET,71073,1,71072.0,20.0,71071.0,29.0,71084,1,71085.0,20.0,71086.0,29.0,71078.5,0.0
1,54800,GIFT_BASKET,71089,7,71084.0,2.0,71083.0,12.0,71095,2,71096.0,12.0,71097.0,29.0,71092.0,0.0
1,54900,GIFT_BASKET,71092,2,71091.0,15.0,71090.0,28.0,71103,2,71104.0,15.0,71105.0,28.0,71097.5,0.0
1,55000,GIFT_BASKET,71095,2,71094.0,18.0,71093.0,20.0,71106,2,71107.0,18.0,71108.0,20.0,71100.5,0.0
1,55100,GIFT_BASKET,71091,2,71090.0,13.0,71089.0,18.0,71102,2,71103.0,13.0,71104.0,18.0,71096.5,0.0
1,55200,GIFT_BASKET,71090,1,71089.0,13.0,71088.0,28.0,71101,1,71102.0,13.0,71103.0,28.0,71095.5,0.0
1,55300,GIFT_BASKET,71088,11,71087.0,15.0,,,71101,11,71102.0,15.0,,,71094.5,0.0
1,55400,GIFT_BASKET,71097,1,71096.0,12.0,71095.0,24.0,71108,1,71109.0,12.0,71110.0,24.0,71102.5,0.0
1,55500,GIFT_BASKET,71101,1,71091.0,2.0,71090.0,10.0,71102,2,71103.0,10.0,71104.0,16.0,71101.5,0.0
1,55600,GIFT_BASKET,71087,11,71086.0,17.0,,,71100,11,71101.0,17.0,,,71093.5,0.0
1,55700,GIFT_BASKET,71094,1,71093.0,18.0,71092.0,23.0,71105,1,71106.0,18.0,71107.0,23.0,71099.5,0.0
1,55800,GIFT_BASKET,71089,1,71088.0,10.0,71087.0,20.0,71100,1,71101.0,10.0,71102.0,20.0,71094.5,0.0
1,55900,GIFT_BASKET,71089,8,71083.0,20.0,71082.0,28.0,71096,20,71097.0,28.0,,,71092.5,0.0
1,56000,GIFT_BASKET,71080,1,71079.0,17.0,71078.0,28.0,71091,1,71092.0,17.0,71093.0,28.0,71085.5,0.0
1,56100,GIFT_BASKET,71089,1,71088.0,10.0,71087.0,28.0,71100,1,71101.0,10.0,71102.0,28.0,71094.5,0.0
1,56200,GIFT_BASKET,71092,1,71091.0,11.0,71090.0,20.0,71103,1,71104.0,11.0,71105.0,20.0,71097.5,0.0
1,56300,GIFT_BASKET,71097,13,71096.0,19.0,,,71110,13,71111.0,19.0,,,71103.5,0.0
1,56400,GIFT_BASKET,71109,2,71108.0,13.0,71107.0,20.0,71120,2,71121.0,13.0,71122.0,20.0,71114.5,0.0
1,56500,GIFT_BASKET,71103,12,71102.0,22.0,,,71116,12,71117.0,22.0,,,71109.5,0.0
1,56600,GIFT_BASKET,71109,2,71108.0,20.0,71106.0,17.0,71120,2,71121.0,20.0,71122.0,17.0,71114.5,0.0
1,56700,GIFT_BASKET,71104,17,71103.0,26.0,,,71117,17,71118.0,26.0,,,71110.5,0.0
1,56800,GIFT_BASKET,71091,13,71090.0,15.0,,,71104,13,71105.0,15.0,,,71097.5,0.0
1,56900,GIFT_BASKET,71091,1,71090.0,14.0,71088.0,19.0,71102,1,71103.0,14.0,71104.0,19.0,71096.5,0.0
1,57000,GIFT_BASKET,71090,2,71089.0,20.0,71088.0,18.0,71101,2,71102.0,20.0,71104.0,18.0,71095.5,0.0
1,57100,GIFT_BASKET,71075,19,71074.0,21.0,,,71088,19,71089.0,21.0,,,71081.5,0.0
1,57200,GIFT_BASKET,71085,1,71084.0,11.0,71083.0,19.0,71096,1,71097.0,11.0,71098.0,19.0,71090.5,0.0
1,57300,GIFT_BASKET,71091,1,71090.0,14.0,71089.0,22.0,71102,1,71103.0,14.0,71104.0,22.0,71096.5,0.0
1,57400,GIFT_BASKET,71090,1,71089.0,14.0,71088.0,17.0,71101,1,71102.0,14.0,71103.0,17.0,71095.5,0.0
1,57500,GIFT_BASKET,71102,11,71101.0,28.0,,,71115,11,71116.0,28.0,,,71108.5,0.0
1,57600,GIFT_BASKET,71119,2,71118.0,20.0,71116.0,28.0,71130,2,71131.0,20.0,71132.0,28.0,71124.5,0.0
1,57700,GIFT_BASKET,71137,1,71136.0,19.0,71135.0,18.0,71148,1,71149.0,19.0,71151.0,18.0,71142.5,0.0
1,57800,GIFT_BASKET,71132,2,71131.0,12.0,71130.0,18.0,71143,2,71144.0,12.0,71145.0,18.0,71137.5,0.0
1,57900,GIFT_BASKET,71145,2,71144.0,16.0,71143.0,28.0,71156,2,71157.0,16.0,71158.0,28.0,71150.5,0.0
1,58000,GIFT_BASKET,71147,19,71146.0,15.0,,,71160,19,71161.0,15.0,,,71153.5,0.0
1,58100,GIFT_BASKET,71153,13,71152.0,23.0,,,71166,13,71167.0,23.0,,,71159.5,0.0
1,58200,GIFT_BASKET,71155,2,71154.0,19.0,71153.0,17.0,71166,2,71167.0,19.0,71168.0,17.0,71160.5,0.0
1,58300,GIFT_BASKET,71159,2,71158.0,10.0,71157.0,27.0,71170,2,71171.0,10.0,71172.0,27.0,71164.5,0.0
1,58400,GIFT_BASKET,71173,13,71172.0,15.0,,,71186,13,71187.0,15.0,,,71179.5,0.0
1,58500,GIFT_BASKET,71163,2,71162.0,17.0,71161.0,28.0,71174,2,71175.0,17.0,71176.0,28.0,71168.5,0.0
1,58600,GIFT_BASKET,71169,1,71168.0,13.0,71167.0,26.0,71180,1,71181.0,13.0,71182.0,26.0,71174.5,0.0
1,58700,GIFT_BASKET,71152,1,71151.0,19.0,71150.0,15.0,71163,1,71164.0,19.0,71165.0,15.0,71157.5,0.0
1,58800,GIFT_BASKET,71159,1,71158.0,18.0,71157.0,16.0,71170,1,71171.0,18.0,71172.0,16.0,71164.5,0.0
1,58900,GIFT_BASKET,71154,2,71153.0,15.0,71152.0,15.0,71165,2,71166.0,15.0,71167.0,15.0,71159.5,0.0
1,59000,GIFT_BASKET,71172,5,71161.0,1.0,71160.0,18.0,71173,18,71174.0,29.0,,,71172.5,0.0
1,59100,GIFT_BASKET,71176,1,71175.0,11.0,71174.0,15.0,71187,1,71188.0,11.0,71189.0,15.0,71181.5,0.0
1,59200,GIFT_BASKET,71176,2,71175.0,20.0,71174.0,25.0,71187,2,71188.0,20.0,71189.0,25.0,71181.5,0.0
1,59300,GIFT_BASKET,71173,14,71172.0,26.0,,,71186,14,71187.0,26.0,,,71179.5,0.0
1,59400,GIFT_BASKET,71171,17,71170.0,17.0,,,71185,17,71186.0,17.0,,,71178.0,0.0
1,59500,GIFT_BASKET,71170,2,71169.0,12.0,71168.0,26.0,71181,2,71182.0,12.0,71183.0,26.0,71175.5,0.0
1,59600,GIFT_BASKET,71166,1,71165.0,11.0,71164.0,29.0,71177,1,71178.0,11.0,71179.0,29.0,71171.5,0.0
1,59700,GIFT_BASKET,71164,1,71163.0,16.0,71162.0,23.0,71175,1,71176.0,16.0,71177.0,23.0,71169.5,0.0
1,59800,GIFT_BASKET,71161,2,71160.0,11.0,71159.0,24.0,71172,2,71173.0,11.0,71174.0,24.0,71166.5,0.0
1,59900,GIFT_BASKET,71173,2,71172.0,10.0,71171.0,23.0,71184,2,71185.0,10.0,71187.0,23.0,71178.5,0.0
1,60000,GIFT_BASKET,71173,1,71172.0,15.0,71171.0,27.0,71184,1,71185.0,15.0,71186.0,27.0,71178.5,0.0
1,60100,GIFT_BASKET,71164,1,71163.0,10.0,71162.0,22.0,71175,1,71176.0,10.0,71177.0,22.0,71169.5,0.0
1,60200,GIFT_BASKET,71163,1,71162.0,11.0,71161.0,21.0,71174,1,71175.0,11.0,71176.0,21.0,71168.5,0.0
1,60300,GIFT_BASKET,71158,1,71157.0,19.0,71156.0,29.0,71169,1,71170.0,19.0,71171.0,29.0,71163.5,0.0
1,60400,GIFT_BASKET,71149,2,71148.0,15.0,71147.0,21.0,71160,2,71162.0,15.0,71163.0,21.0,71154.5,0.0
1,60500,GIFT_BASKET,71155,20,71154.0,28.0,,,71168,20,71169.0,28.0,,,71161.5,0.0
1,60600,GIFT_BASKET,71149,1,71144.0,1.0,71143.0,12.0,71155,1,71156.0,12.0,71158.0,26.0,71152.0,0.0
1,60700,GIFT_BASKET,71142,20,71141.0,21.0,,,71155,20,71156.0,21.0,,,71148.5,0.0
1,60800,GIFT_BASKET,71156,2,71155.0,17.0,71154.0,15.0,71167,2,71168.0,17.0,71169.0,15.0,71161.5,0.0
1,60900,GIFT_BASKET,71157,13,71156.0,30.0,,,71171,13,71172.0,30.0,,,71164.0,0.0
1,61000,GIFT_BASKET,71167,1,71166.0,19.0,71165.0,22.0,71178,1,71179.0,19.0,71180.0,22.0,71172.5,0.0
1,61100,GIFT_BASKET,71169,2,71168.0,11.0,71167.0,29.0,71180,2,71181.0,11.0,71182.0,29.0,71174.5,0.0
1,61200,GIFT_BASKET,71169,19,71168.0,25.0,,,71182,19,71183.0,25.0,,,71175.5,0.0
1,61300,GIFT_BASKET,71179,11,71178.0,15.0,,,71192,11,71193.0,15.0,,,71185.5,0.0
1,61400,GIFT_BASKET,71181,11,71180.0,29.0,,,71194,11,71196.0,29.0,,,71187.5,0.0
1,61500,GIFT_BASKET,71195,19,71194.0,15.0,,,71208,19,71209.0,15.0,,,71201.5,0.0
1,61600,GIFT_BASKET,71194,1,71193.0,11.0,71192.0,15.0,71205,1,71206.0,11.0,71207.0,15.0,71199.5,0.0
1,61700,GIFT_BASKET,71180,2,71179.0,20.0,71178.0,23.0,71191,2,71192.0,20.0,71193.0,23.0,71185.5,0.0
1,61800,GIFT_BASKET,71185,2,71184.0,11.0,71182.0,24.0,71196,2,71197.0,11.0,71198.0,24.0,71190.5,0.0
1,61900,GIFT_BASKET,71184,20,71183.0,18.0,,,71197,20,71198.0,18.0,,,71190.5,0.0
1,62000,GIFT_BASKET,71187,17,71186.0,15.0,,,71200,20,71201.0,15.0,,,71193.5,0.0
1,62100,GIFT_BASKET,71203,2,71202.0,19.0,71201.0,22.0,71214,2,71215.0,19.0,71216.0,22.0,71208.5,0.0
1,62200,GIFT_BASKET,71203,2,71202.0,17.0,71201.0,16.0,71214,2,71215.0,17.0,71216.0,16.0,71208.5,0.0
1,62300,GIFT_BASKET,71200,6,71198.0,16.0,,,71213,13,71214.0,16.0,,,71206.5,0.0
1,62400,GIFT_BASKET,71201,16,71200.0,28.0,,,71214,16,71215.0,28.0,,,71207.5,0.0
1,62500,GIFT_BASKET,71210,2,71209.0,17.0,71208.0,24.0,71221,2,71222.0,17.0,71223.0,24.0,71215.5,0.0
1,62600,GIFT_BASKET,71214,1,71213.0,12.0,71212.0,21.0,71225,1,71226.0,12.0,71227.0,21.0,71219.5,0.0
1,62700,GIFT_BASKET,71205,15,71204.0,24.0,,,71218,15,71219.0,24.0,,,71211.5,0.0
1,62800,GIFT_BASKET,71202,20,71201.0,17.0,,,71216,20,71217.0,17.0,,,71209.0,0.0
1,62900,GIFT_BASKET,71217,2,71216.0,13.0,71215.0,25.0,71228,2,71229.0,13.0,71230.0,25.0,71222.5,0.0
1,63000,GIFT_BASKET,71214,12,71213.0,20.0,,,71227,12,71228.0,20.0,,,71220.5,0.0
1,63100,GIFT_BASKET,71215,17,71213.0,20.0,,,71228,17,71229.0,20.0,,,71221.5,0.0
1,63200,GIFT_BASKET,71220,1,71219.0,15.0,71218.0,24.0,71231,1,71232.0,15.0,71233.0,24.0,71225.5,0.0
1,63300,GIFT_BASKET,71210,13,71209.0,26.0,,,71223,13,71224.0,26.0,,,71216.5,0.0
1,63400,GIFT_BASKET,71200,1,71195.0,2.0,71194.0,13.0,71206,2,71207.0,13.0,71208.0,25.0,71203.0,0.0
1,63500,GIFT_BASKET,71193,10,71192.0,30.0,,,71206,10,71207.0,30.0,,,71199.5,0.0
1,63600,GIFT_BASKET,71186,18,71185.0,28.0,,,71199,18,71200.0,28.0,,,71192.5,0.0
1,63700,GIFT_BASKET,71205,14,71204.0,21.0,,,71218,14,71219.0,21.0,,,71211.5,0.0
1,63800,GIFT_BASKET,71207,1,71206.0,18.0,71205.0,17.0,71218,1,71219.0,18.0,71220.0,17.0,71212.5,0.0
1,63900,GIFT_BASKET,71201,20,71200.0,15.0,,,71214,20,71215.0,15.0,,,71207.5,0.0
1,64000,GIFT_BASKET,71219,19,71218.0,28.0,,,71232,19,71233.0,28.0,,,71225.5,0.0
1,64100,GIFT_BASKET,71218,2,71216.0,19.0,71215.0,15.0,71229,2,71230.0,19.0,71231.0,15.0,71223.5,0.0
1,64200,GIFT_BASKET,71218,2,71217.0,13.0,71216.0,20.0,71229,2,71230.0,13.0,71231.0,20.0,71223.5,0.0
1,64300,GIFT_BASKET,71234,2,71233.0,13.0,71231.0,25.0,71245,2,71246.0,13.0,71247.0,25.0,71239.5,0.0
1,64400,GIFT_BASKET,71238,2,71237.0,16.0,71236.0,18.0,71249,2,71250.0,16.0,71251.0,18.0,71243.5,0.0
1,64500,GIFT_BASKET,71229,2,71228.0,12.0,71227.0,29.0,71240,2,71241.0,12.0,71242.0,29.0,71234.5,0.0
1,64600,GIFT_BASKET,71239,2,71238.0,13.0,71237.0,18.0,71250,2,71251.0,13.0,71252.0,18.0,71244.5,0.0
1,64700,GIFT_BASKET,71229,1,71228.0,11.0,71226.0,23.0,71240,1,71241.0,11.0,71242.0,23.0,71234.5,0.0
1,64800,GIFT_BASKET,71234,1,71233.0,16.0,71232.0,19.0,71245,1,71246.0,16.0,71247.0,19.0,71239.5,0.0
1,64900,GIFT_BASKET,71246,2,71245.0,15.0,71244.0,24.0,71257,2,71258.0,15.0,71259.0,24.0,71251.5,0.0
1,65000,GIFT_BASKET,71246,1,71245.0,20.0,71244.0,27.0,71257,1,71258.0,20.0,71259.0,27.0,71251.5,0.0
1,65100,GIFT_BASKET,71240,1,71239.0,14.0,71238.0,18.0,71251,1,71252.0,14.0,71253.0,18.0,71245.5,0.0
1,65200,GIFT_BASKET,71240,1,71239.0,13.0,71238.0,24.0,71251,1,71252.0,13.0,71253.0,24.0,71245.5,0.0
1,65300,GIFT_BASKET,71244,20,71243.0,20.0,,,71257,20,71258.0,20.0,,,71250.5,0.0
1,65400,GIFT_BASKET,71239,12,71238.0,20.0,,,71252,12,71253.0,20.0,,,71245.5,0.0
1,65500,GIFT_BASKET,71250,13,71249.0,22.0,,,71263,13,71264.0,22.0,,,71256.5,0.0
1,65600,GIFT_BASKET,71241,19,71240.0,29.0,,,71254,19,71256.0,29.0,,,71247.5,0.0
1,65700,GIFT_BASKET,71253,14,71252.0,29.0,,,71259,6,71266.0,14.0,71267.0,29.0,71256.0,0.0
1,65800,GIFT_BASKET,71255,11,71254.0,24.0,,,71268,11,71269.0,24.0,,,71261.5,0.0
1,65900,GIFT_BASKET,71261,2,71260.0,20.0,71259.0,20.0,71272,2,71273.0,20.0,71274.0,20.0,71266.5,0.0
1,66000,GIFT_BASKET,71256,1,71254.0,12.0,71253.0,24.0,71266,1,71268.0,12.0,71269.0,24.0,71261.0,0.0
1,66100,GIFT_BASKET,71244,2,71243.0,12.0,71242.0,20.0,71255,2,71256.0,12.0,71257.0,20.0,71249.5,0.0
1,66200,GIFT_BASKET,71247,1,71246.0,16.0,71245.0,28.0,71258,1,71259.0,16.0,71260.0,28.0,71252.5,0.0
1,66300,GIFT_BASKET,71241,13,71240.0,25.0,,,71254,13,71255.0,25.0,,,71247.5,0.0
1,66400,GIFT_BASKET,71245,2,71240.0,2.0,71239.0,12.0,71251,2,71252.0,12.0,71254.0,29.0,71248.0,0.0
1,66500,GIFT_BASKET,71255,1,71254.0,10.0,71253.0,25.0,71266,1,71267.0,10.0,71268.0,25.0,71260.5,0.0
1,66600,GIFT_BASKET,71256,2,71255.0,18.0,71254.0,21.0,71267,2,71268.0,18.0,71269.0,21.0,71261.5,0.0
1,66700,GIFT_BASKET,71260,1,71259.0,16.0,71258.0,15.0,71271,1,71272.0,16.0,71273.0,15.0,71265.5,0.0
1,66800,GIFT_BASKET,71250,1,71249.0,14.0,71248.0,16.0,71255,7,71261.0,1.0,71262.0,14.0,71252.5,0.0
1,66900,GIFT_BASKET,71265,11,71264.0,26.0,,,71278,11,71279.0,26.0,,,71271.5,0.0
1,67000,GIFT_BASKET,71262,2,71261.0,13.0,71260.0,30.0,71273,2,71274.0,13.0,71275.0,30.0,71267.5,0.0
1,67100,GIFT_BASKET,71245,1,71244.0,17.0,71243.0,19.0,71256,1,71257.0,17.0,71259.0,19.0,71250.5,0.0
1,67200,GIFT_BASKET,71245,17,71244.0,28.0,,,71258,17,71259.0,28.0,,,71251.5,0.0
1,67300,GIFT_BASKET,71229,1,71228.0,12.0,71227.0,28.0,71240,1,71241.0,12.0,71242.0,28.0,71234.5,0.0
1,67400,GIFT_BASKET,71230,1,71229.0,12.0,71228.0,21.0,71241,1,71242.0,12.0,71243.0,21.0,71235.5,0.0
1,67500,GIFT_BASKET,71225,14,71224.0,24.0,,,71239,14,71240.0,24.0,,,71232.0,0.0
1,67600,GIFT_BASKET,71223,1,71222.0,19.0,71221.0,18.0,71234,1,71235.0,19.0,71236.0,18.0,71228.5,0.0
1,67700,GIFT_BASKET,71229,2,71228.0,11.0,71227.0,23.0,71240,2,71241.0,11.0,71242.0,23.0,71234.5,0.0
1,67800,GIFT_BASKET,71226,2,71225.0,10.0,71224.0,22.0,71237,2,71238.0,10.0,71239.0,22.0,71231.5,0.0
1,67900,GIFT_BASKET,71217,14,71216.0,27.0,,,71230,14,71231.0,27.0,,,71223.5,0.0
1,68000,GIFT_BASKET,71221,20,71220.0,20.0,,,71234,20,71235.0,20.0,,,71227.5,0.0
1,68100,GIFT_BASKET,71211,1,71210.0,17.0,71209.0,23.0,71222,1,71223.0,17.0,71224.0,23.0,71216.5,0.0
1,68200,GIFT_BASKET,71206,1,71205.0,18.0,71204.0,28.0,71217,1,71218.0,18.0,71220.0,28.0,71211.5,0.0
1,68300,GIFT_BASKET,71217,1,71216.0,19.0,71215.0,22.0,71228,1,71229.0,19.0,71230.0,22.0,71222.5,0.0
1,68400,GIFT_BASKET,71231,1,71230.0,10.0,71229.0,18.0,71242,1,71243.0,10.0,71244.0,18.0,71236.5,0.0
1,68500,GIFT_BASKET,71223,1,71222.0,19.0,71221.0,17.0,71234,1,71235.0,19.0,71236.0,17.0,71228.5,0.0
1,68600,GIFT_BASKET,71214,19,71213.0,19.0,,,71215,5,71227.0,19.0,71228.0,19.0,71214.5,0.0
1,68700,GIFT_BASKET,71226,2,71225.0,16.0,71224.0,25.0,71237,2,71238.0,16.0,71239.0,25.0,71231.5,0.0
1,68800,GIFT_BASKET,71217,1,71216.0,12.0,71215.0,21.0,71222,1,71228.0,1.0,71229.0,12.0,71219.5,0.0
1,68900,GIFT_BASKET,71219,2,71218.0,16.0,71217.0,19.0,71230,2,71231.0,16.0,71232.0,19.0,71224.5,0.0
1,69000,GIFT_BASKET,71237,1,71236.0,16.0,71235.0,17.0,71248,1,71249.0,16.0,71250.0,17.0,71242.5,0.0
1,69100,GIFT_BASKET,71247,1,71246.0,16.0,71245.0,23.0,71258,1,71259.0,16.0,71260.0,23.0,71252.5,0.0
1,69200,GIFT_BASKET,71264,2,71259.0,1.0,71258.0,15.0,71270,1,71271.0,15.0,71272.0,27.0,71267.0,0.0
1,69300,GIFT_BASKET,71260,1,71258.0,15.0,71257.0,16.0,71270,1,71272.0,15.0,71273.0,16.0,71265.0,0.0
1,69400,GIFT_BASKET,71252,14,71251.0,23.0,,,71265,14,71266.0,23.0,,,71258.5,0.0
1,69500,GIFT_BASKET,71254,1,71253.0,18.0,71252.0,29.0,71265,1,71266.0,18.0,71267.0,29.0,71259.5,0.0
1,69600,GIFT_BASKET,71248,2,71247.0,20.0,71246.0,19.0,71259,2,71260.0,20.0,71261.0,19.0,71253.5,0.0
1,69700,GIFT_BASKET,71251,2,71250.0,17.0,71249.0,27.0,71262,2,71263.0,17.0,71264.0,27.0,71256.5,0.0
1,69800,GIFT_BASKET,71253,1,71252.0,11.0,71250.0,19.0,71264,1,71265.0,11.0,71266.0,19.0,71258.5,0.0
1,69900,GIFT_BASKET,71241,2,71240.0,16.0,71239.0,25.0,71252,2,71253.0,16.0,71254.0,25.0,71246.5,0.0
1,70000,GIFT_BASKET,71232,2,71231.0,18.0,71230.0,26.0,71243,2,71244.0,18.0,71245.0,26.0,71237.5,0.0
1,70100,GIFT_BASKET,71238,18,71237.0,17.0,,,71252,18,71253.0,17.0,,,71245.0,0.0
1,70200,GIFT_BASKET,71236,2,71235.0,15.0,71234.0,25.0,71247,2,71248.0,15.0,71249.0,25.0,71241.5,0.0
1,70300,GIFT_BASKET,71247,1,71246.0,17.0,71245.0,25.0,71258,1,71259.0,17.0,71260.0,25.0,71252.5,0.0
1,70400,GIFT_BASKET,71235,2,71234.0,18.0,71233.0,21.0,71246,2,71247.0,18.0,71248.0,21.0,71240.5,0.0
1,70500,GIFT_BASKET,71225,12,71224.0,29.0,,,71239,12,71240.0,29.0,,,71232.0,0.0
1,70600,GIFT_BASKET,71237,1,71236.0,17.0,71234.0,17.0,71248,1,71249.0,17.0,71250.0,17.0,71242.5,0.0
1,70700,GIFT_BASKET,71239,11,71238.0,17.0,,,71252,11,71254.0,17.0,,,71245.5,0.0
1,70800,GIFT_BASKET,71248,2,71247.0,14.0,71246.0,17.0,71259,2,71260.0,14.0,71261.0,17.0,71253.5,0.0
1,70900,GIFT_BASKET,71241,17,71240.0,22.0,,,71247,5,71254.0,17.0,71255.0,22.0,71244.0,0.0
1,71000,GIFT_BASKET,71268,3,71257.0,2.0,71256.0,20.0,71269,20,71270.0,18.0,,,71268.5,0.0
1,71100,GIFT_BASKET,71263,5,71257.0,10.0,71256.0,18.0,71270,10,71271.0,18.0,,,71266.5,0.0
1,71200,GIFT_BASKET,71254,1,71252.0,14.0,71251.0,24.0,71265,1,71266.0,14.0,71267.0,24.0,71259.5,0.0
1,71300,GIFT_BASKET,71256,2,71255.0,19.0,71254.0,28.0,71267,2,71268.0,19.0,71269.0,28.0,71261.5,0.0
1,71400,GIFT_BASKET,71255,2,71254.0,14.0,71253.0,17.0,71266,2,71268.0,14.0,71269.0,17.0,71260.5,0.0
1,71500,GIFT_BASKET,71258,14,71257.0,23.0,,,71272,14,71273.0,23.0,,,71265.0,0.0
1,71600,GIFT_BASKET,71264,1,71259.0,2.0,71258.0,18.0,71270,2,71271.0,18.0,71272.0,22.0,71267.0,0.0
1,71700,GIFT_BASKET,71261,1,71260.0,13.0,71258.0,21.0,71272,1,71273.0,13.0,71274.0,21.0,71266.5,0.0
1,71800,GIFT_BASKET,71262,12,71261.0,19.0,,,71275,12,71276.0,19.0,,,71268.5,0.0
1,71900,GIFT_BASKET,71257,2,71256.0,16.0,71255.0,18.0,71262,2,71268.0,2.0,71269.0,16.0,71259.5,0.0
1,72000,GIFT_BASKET,71253,1,71252.0,16.0,71251.0,27.0,71264,1,71265.0,16.0,71266.0,27.0,71258.5,0.0
1,72100,GIFT_BASKET,71244,2,71243.0,19.0,71242.0,17.0,71255,2,71256.0,19.0,71257.0,17.0,71249.5,0.0
1,72200,GIFT_BASKET,71245,13,71244.0,26.0,,,71258,13,71259.0,26.0,,,71251.5,0.0
1,72300,GIFT_BASKET,71257,1,71256.0,13.0,71255.0,24.0,71268,1,71269.0,13.0,71270.0,24.0,71262.5,0.0
1,72400,GIFT_BASKET,71252,19,71251.0,17.0,,,71265,19,71266.0,17.0,,,71258.5,0.0
1,72500,GIFT_BASKET,71264,2,71263.0,18.0,71262.0,21.0,71269,1,71275.0,2.0,71276.0,18.0,71266.5,0.0
1,72600,GIFT_BASKET,71266,7,71265.0,30.0,,,71279,11,71280.0,30.0,,,71272.5,0.0
1,72700,GIFT_BASKET,71269,11,71268.0,25.0,,,71282,11,71283.0,25.0,,,71275.5,0.0
1,72800,GIFT_BASKET,71259,2,71258.0,20.0,71257.0,17.0,71264,2,71270.0,2.0,71271.0,20.0,71261.5,0.0
1,72900,GIFT_BASKET,71246,1,71245.0,15.0,71244.0,22.0,71257,1,71258.0,15.0,71259.0,22.0,71251.5,0.0
1,73000,GIFT_BASKET,71239,16,71238.0,25.0,,,71245,8,71252.0,16.0,71253.0,25.0,71242.0,0.0
1,73100,GIFT_BASKET,71235,1,71234.0,17.0,71232.0,19.0,71246,1,71247.0,17.0,71248.0,19.0,71240.5,0.0
1,73200,GIFT_BASKET,71242,1,71241.0,16.0,71240.0,18.0,71253,1,71254.0,16.0,71255.0,18.0,71247.5,0.0
1,73300,GIFT_BASKET,71235,2,71234.0,13.0,71233.0,20.0,71246,2,71247.0,13.0,71248.0,20.0,71240.5,0.0
1,73400,GIFT_BASKET,71232,20,71231.0,25.0,,,71245,20,71246.0,25.0,,,71238.5,0.0
1,73500,GIFT_BASKET,71230,1,71229.0,18.0,71228.0,23.0,71241,1,71242.0,18.0,71243.0,23.0,71235.5,0.0
1,73600,GIFT_BASKET,71234,19,71233.0,18.0,,,71247,19,71248.0,18.0,,,71240.5,0.0
1,73700,GIFT_BASKET,71217,13,71216.0,26.0,,,71231,13,71232.0,26.0,,,71224.0,0.0
1,73800,GIFT_BASKET,71218,1,71217.0,13.0,71216.0,16.0,71229,1,71230.0,13.0,71231.0,16.0,71223.5,0.0
1,73900,GIFT_BASKET,71214,7,71208.0,13.0,71207.0,29.0,71221,13,71222.0,29.0,,,71217.5,0.0
1,74000,GIFT_BASKET,71199,2,71198.0,11.0,71197.0,24.0,71210,2,71211.0,11.0,71212.0,24.0,71204.5,0.0
1,74100,GIFT_BASKET,71203,1,71202.0,15.0,71201.0,19.0,71214,1,71215.0,15.0,71217.0,19.0,71208.5,0.0
1,74200,GIFT_BASKET,71200,1,71199.0,11.0,71198.0,15.0,71211,1,71212.0,11.0,71213.0,15.0,71205.5,0.0
1,74300,GIFT_BASKET,71216,1,71215.0,17.0,71214.0,20.0,71227,1,71228.0,17.0,71229.0,20.0,71221.5,0.0
1,74400,GIFT_BASKET,71226,7,71221.0,2.0,71220.0,10.0,71232,2,71233.0,10.0,71234.0,25.0,71229.0,0.0
1,74500,GIFT_BASKET,71215,2,71214.0,11.0,71213.0,16.0,71226,2,71227.0,11.0,71228.0,16.0,71220.5,0.0
1,74600,GIFT_BASKET,71225,2,71224.0,11.0,71223.0,18.0,71236,2,71237.0,11.0,71238.0,18.0,71230.5,0.0
1,74700,GIFT_BASKET,71231,1,71229.0,11.0,71228.0,29.0,71242,1,71243.0,11.0,71244.0,29.0,71236.5,0.0
1,74800,GIFT_BASKET,71220,2,71219.0,15.0,71218.0,27.0,71231,2,71232.0,15.0,71233.0,27.0,71225.5,0.0
1,74900,GIFT_BASKET,71223,1,71222.0,20.0,71221.0,24.0,71234,1,71235.0,20.0,71236.0,24.0,71228.5,0.0
1,75000,GIFT_BASKET,71218,1,71217.0,20.0,71216.0,30.0,71229,1,71230.0,20.0,71231.0,30.0,71223.5,0.0
1,75100,GIFT_BASKET,71225,2,71224.0,14.0,71223.0,25.0,71236,2,71237.0,14.0,71238.0,25.0,71230.5,0.0
1,75200,GIFT_BASKET,71209,1,71208.0,13.0,71207.0,23.0,71220,1,71221.0,13.0,71222.0,23.0,71214.5,0.0
1,75300,GIFT_BASKET,71208,1,71207.0,16.0,71206.0,15.0,71219,1,71220.0,16.0,71221.0,15.0,71213.5,0.0
1,75400,GIFT_BASKET,71195,17,71193.0,25.0,,,71208,17,71209.0,25.0,,,71201.5,0.0
1,75500,GIFT_BASKET,71208,1,71207.0,15.0,71206.0,16.0,71219,1,71220.0,15.0,71221.0,16.0,71213.5,0.0
1,75600,GIFT_BASKET,71203,2,71202.0,13.0,71201.0,19.0,71214,2,71215.0,13.0,71216.0,19.0,71208.5,0.0
1,75700,GIFT_BASKET,71201,2,71199.0,15.0,71198.0,27.0,71206,2,71212.0,2.0,71213.0,15.0,71203.5,0.0
1,75800,GIFT_BASKET,71204,2,71203.0,13.0,71202.0,25.0,71215,2,71216.0,13.0,71217.0,25.0,71209.5,0.0
1,75900,GIFT_BASKET,71206,2,71205.0,11.0,71204.0,20.0,71217,2,71218.0,11.0,71219.0,20.0,71211.5,0.0
1,76000,GIFT_BASKET,71207,4,71196.0,1.0,71195.0,15.0,71208,15,71209.0,15.0,,,71207.5,0.0
1,76100,GIFT_BASKET,71203,10,71202.0,19.0,,,71216,10,71217.0,19.0,,,71209.5,0.0
1,76200,GIFT_BASKET,71207,12,71206.0,17.0,,,71213,7,71220.0,12.0,71221.0,17.0,71210.0,0.0
1,76300,GIFT_BASKET,71197,1,71196.0,18.0,71195.0,22.0,71208,1,71209.0,18.0,71210.0,22.0,71202.5,0.0
1,76400,GIFT_BASKET,71194,20,71193.0,30.0,,,71207,20,71208.0,30.0,,,71200.5,0.0
1,76500,GIFT_BASKET,71190,19,71189.0,25.0,,,71203,19,71204.0,25.0,,,71196.5,0.0
1,76600,GIFT_BASKET,71187,15,71186.0,23.0,,,71201,15,71202.0,23.0,,,71194.0,0.0
1,76700,GIFT_BASKET,71183,1,71182.0,19.0,71181.0,24.0,71188,7,71194.0,1.0,71195.0,19.0,71185.5,0.0
1,76800,GIFT_BASKET,71187,14,71185.0,24.0,,,71193,3,71200.0,14.0,71201.0,24.0,71190.0,0.0
1,76900,GIFT_BASKET,71193,4,71183.0,2.0,71181.0,20.0,71195,20,71196.0,27.0,,,71194.0,0.0
1,77000,GIFT_BASKET,71171,20,71170.0,26.0,,,71184,20,71185.0,26.0,,,71177.5,0.0
1,77100,GIFT_BASKET,71170,11,71169.0,19.0,,,71184,11,71185.0,19.0,,,71177.0,0.0
1,77200,GIFT_BASKET,71174,12,71173.0,30.0,,,71187,12,71188.0,30.0,,,71180.5,0.0
1,77300,GIFT_BASKET,71175,1,71174.0,15.0,71173.0,20.0,71186,1,71187.0,15.0,71189.0,20.0,71180.5,0.0
1,77400,GIFT_BASKET,71174,2,71173.0,12.0,71172.0,18.0,71185,2,71186.0,12.0,71187.0,18.0,71179.5,0.0
1,77500,GIFT_BASKET,71173,1,71172.0,20.0,71170.0,26.0,71184,1,71185.0,20.0,71186.0,26.0,71178.5,0.0
1,77600,GIFT_BASKET,71162,11,71161.0,30.0,,,71175,11,71176.0,30.0,,,71168.5,0.0
1,77700,GIFT_BASKET,71177,1,71176.0,18.0,71175.0,25.0,71188,1,71190.0,18.0,71191.0,25.0,71182.5,0.0
1,77800,GIFT_BASKET,71177,2,71176.0,15.0,71175.0,25.0,71188,2,71189.0,15.0,71190.0,25.0,71182.5,0.0
1,77900,GIFT_BASKET,71181,2,71180.0,10.0,71179.0,15.0,71192,2,71193.0,10.0,71194.0,15.0,71186.5,0.0
1,78000,GIFT_BASKET,71181,14,71180.0,25.0,,,71194,14,71195.0,25.0,,,71187.5,0.0
1,78100,GIFT_BASKET,71163,1,71157.0,16.0,71156.0,18.0,71170,16,71171.0,18.0,,,71166.5,0.0
1,78200,GIFT_BASKET,71166,15,71165.0,26.0,,,71179,15,71180.0,26.0,,,71172.5,0.0
1,78300,GIFT_BASKET,71161,12,71160.0,21.0,,,71174,12,71175.0,21.0,,,71167.5,0.0
1,78400,GIFT_BASKET,71158,14,71157.0,18.0,,,71171,14,71172.0,18.0,,,71164.5,0.0
1,78500,GIFT_BASKET,71161,2,71160.0,14.0,71159.0,21.0,71172,2,71173.0,14.0,71174.0,21.0,71166.5,0.0
1,78600,GIFT_BASKET,71159,2,71158.0,12.0,71157.0,23.0,71170,2,71171.0,12.0,71172.0,23.0,71164.5,0.0
1,78700,GIFT_BASKET,71165,1,71164.0,13.0,71163.0,23.0,71176,1,71177.0,13.0,71178.0,23.0,71170.5,0.0
1,78800,GIFT_BASKET,71179,7,71173.0,12.0,71172.0,23.0,71186,12,71187.0,23.0,,,71182.5,0.0
1,78900,GIFT_BASKET,71177,1,71176.0,19.0,71174.0,26.0,71188,1,71189.0,19.0,71190.0,26.0,71182.5,0.0
1,79000,GIFT_BASKET,71172,1,71171.0,15.0,71170.0,16.0,71183,1,71184.0,15.0,71185.0,16.0,71177.5,0.0
1,79100,GIFT_BASKET,71175,18,71174.0,23.0,,,71188,18,71189.0,23.0,,,71181.5,0.0
1,79200,GIFT_BASKET,71177,2,71176.0,20.0,71175.0,21.0,71188,2,71189.0,20.0,71190.0,21.0,71182.5,0.0
1,79300,GIFT_BASKET,71183,1,71182.0,12.0,71181.0,26.0,71194,1,71195.0,12.0,71196.0,26.0,71188.5,0.0
1,79400,GIFT_BASKET,71190,2,71178.0,15.0,71177.0,17.0,71191,15,71192.0,17.0,,,71190.5,0.0
1,79500,GIFT_BASKET,71178,2,71176.0,14.0,71175.0,25.0,71188,2,71190.0,14.0,71191.0,25.0,71183.0,0.0
1,79600,GIFT_BASKET,71175,2,71174.0,15.0,71173.0,24.0,71186,2,71187.0,15.0,71188.0,24.0,71180.5,0.0
1,79700,GIFT_BASKET,71182,8,71176.0,17.0,71175.0,26.0,71189,17,71190.0,26.0,,,71185.5,0.0
1,79800,GIFT_BASKET,71187,17,71186.0,27.0,,,71200,17,71201.0,27.0,,,71193.5,0.0
1,79900,GIFT_BASKET,71174,1,71169.0,1.0,71167.0,20.0,71179,1,71181.0,20.0,71182.0,18.0,71176.5,0.0
1,80000,GIFT_BASKET,71164,2,71163.0,20.0,71162.0,17.0,71175,2,71176.0,20.0,71177.0,17.0,71169.5,0.0
1,80100,GIFT_BASKET,71163,1,71162.0,19.0,71161.0,24.0,71174,1,71175.0,19.0,71176.0,24.0,71168.5,0.0
1,80200,GIFT_BASKET,71160,19,71159.0,22.0,,,71173,19,71175.0,22.0,,,71166.5,0.0
1,80300,GIFT_BASKET,71159,1,71157.0,14.0,71156.0,28.0,71169,1,71171.0,14.0,71172.0,28.0,71164.0,0.0
1,80400,GIFT_BASKET,71161,2,71160.0,11.0,71158.0,27.0,71172,2,71173.0,11.0,71174.0,27.0,71166.5,0.0
1,80500,GIFT_BASKET,71157,1,71156.0,17.0,71155.0,19.0,71168,1,71169.0,17.0,71170.0,19.0,71162.5,0.0
1,80600,GIFT_BASKET,71157,1,71156.0,18.0,71155.0,22.0,71168,1,71169.0,18.0,71170.0,22.0,71162.5,0.0
1,80700,GIFT_BASKET,71159,2,71158.0,17.0,71157.0,28.0,71170,2,71171.0,17.0,71172.0,28.0,71164.5,0.0
1,80800,GIFT_BASKET,71169,2,71167.0,15.0,71166.0,16.0,71179,2,71181.0,15.0,71182.0,16.0,71174.0,0.0
1,80900,GIFT_BASKET,71160,1,71159.0,17.0,71157.0,16.0,71171,1,71172.0,17.0,71173.0,16.0,71165.5,0.0
1,81000,GIFT_BASKET,71159,1,71158.0,14.0,71157.0,29.0,71170,1,71171.0,14.0,71172.0,29.0,71164.5,0.0
1,81100,GIFT_BASKET,71149,2,71148.0,11.0,71147.0,22.0,71160,2,71161.0,11.0,71162.0,22.0,71154.5,0.0
1,81200,GIFT_BASKET,71149,1,71148.0,18.0,71147.0,24.0,71160,1,71161.0,18.0,71162.0,24.0,71154.5,0.0
1,81300,GIFT_BASKET,71151,2,71150.0,10.0,71149.0,27.0,71162,2,71163.0,10.0,71165.0,27.0,71156.5,0.0
1,81400,GIFT_BASKET,71150,1,71149.0,12.0,71148.0,16.0,71161,1,71163.0,12.0,71164.0,16.0,71155.5,0.0
1,81500,GIFT_BASKET,71144,20,71143.0,15.0,,,71157,20,71158.0,15.0,,,71150.5,0.0
1,81600,GIFT_BASKET,71138,19,71137.0,19.0,,,71144,1,71151.0,19.0,71152.0,19.0,71141.0,0.0
1,81700,GIFT_BASKET,71143,2,71142.0,17.0,71141.0,27.0,71154,2,71155.0,17.0,71156.0,27.0,71148.5,0.0
1,81800,GIFT_BASKET,71139,12,71138.0,28.0,,,71145,5,71152.0,12.0,71153.0,28.0,71142.0,0.0
1,81900,GIFT_BASKET,71135,16,71134.0,20.0,,,71148,16,71149.0,20.0,,,71141.5,0.0
1,82000,GIFT_BASKET,71140,1,71139.0,11.0,71138.0,23.0,71151,1,71152.0,11.0,71153.0,23.0,71145.5,0.0
1,82100,GIFT_BASKET,71141,16,71140.0,26.0,,,71154,16,71155.0,26.0,,,71147.5,0.0
1,82200,GIFT_BASKET,71153,10,71151.0,26.0,,,71166,10,71167.0,26.0,,,71159.5,0.0
1,82300,GIFT_BASKET,71148,2,71147.0,16.0,71146.0,26.0,71159,2,71160.0,16.0,71161.0,26.0,71153.5,0.0
1,82400,GIFT_BASKET,71154,1,71153.0,13.0,71152.0,28.0,71165,1,71166.0,13.0,71167.0,28.0,71159.5,0.0
1,82500,GIFT_BASKET,71148,1,71147.0,14.0,71146.0,20.0,71159,1,71160.0,14.0,71161.0,20.0,71153.5,0.0
1,82600,GIFT_BASKET,71148,2,71147.0,18.0,71146.0,18.0,71159,2,71160.0,18.0,71161.0,18.0,71153.5,0.0
1,82700,GIFT_BASKET,71146,1,71145.0,20.0,71144.0,21.0,71157,1,71158.0,20.0,71159.0,21.0,71151.5,0.0
1,82800,GIFT_BASKET,71157,13,71156.0,23.0,,,71170,13,71171.0,23.0,,,71163.5,0.0
1,82900,GIFT_BASKET,71161,1,71160.0,16.0,71159.0,29.0,71172,1,71173.0,16.0,71174.0,29.0,71166.5,0.0
1,83000,GIFT_BASKET,71150,2,71149.0,15.0,71148.0,29.0,71161,2,71162.0,15.0,71163.0,29.0,71155.5,0.0
1,83100,GIFT_BASKET,71142,18,71140.0,30.0,,,71155,18,71156.0,30.0,,,71148.5,0.0
1,83200,GIFT_BASKET,71130,2,71129.0,12.0,71128.0,20.0,71141,2,71142.0,12.0,71143.0,20.0,71135.5,0.0
1,83300,GIFT_BASKET,71127,1,71126.0,19.0,71125.0,25.0,71138,1,71139.0,19.0,71140.0,25.0,71132.5,0.0
1,83400,GIFT_BASKET,71121,1,71120.0,12.0,71119.0,30.0,71132,1,71133.0,12.0,71134.0,30.0,71126.5,0.0
1,83500,GIFT_BASKET,71125,13,71124.0,15.0,,,71138,13,71139.0,15.0,,,71131.5,0.0
1,83600,GIFT_BASKET,71114,20,71113.0,24.0,,,71127,20,71128.0,24.0,,,71120.5,0.0
1,83700,GIFT_BASKET,71106,1,71105.0,10.0,71104.0,23.0,71117,1,71118.0,10.0,71119.0,23.0,71111.5,0.0
1,83800,GIFT_BASKET,71102,11,71101.0,17.0,,,71115,11,71116.0,17.0,,,71108.5,0.0
1,83900,GIFT_BASKET,71102,1,71101.0,13.0,71100.0,17.0,71113,1,71114.0,13.0,71115.0,17.0,71107.5,0.0
1,84000,GIFT_BASKET,71099,1,71098.0,11.0,71097.0,22.0,71110,1,71111.0,11.0,71113.0,22.0,71104.5,0.0
1,84100,GIFT_BASKET,71101,2,71100.0,11.0,71099.0,30.0,71112,2,71113.0,11.0,71115.0,30.0,71106.5,0.0
1,84200,GIFT_BASKET,71113,2,71112.0,14.0,71111.0,21.0,71124,2,71125.0,14.0,71126.0,21.0,71118.5,0.0
1,84300,GIFT_BASKET,71110,12,71109.0,25.0,,,71124,12,71125.0,25.0,,,71117.0,0.0
1,84400,GIFT_BASKET,71109,2,71108.0,19.0,71107.0,17.0,71120,2,71121.0,19.0,71122.0,17.0,71114.5,0.0
1,84500,GIFT_BASKET,71120,1,71119.0,20.0,71118.0,27.0,71131,1,71132.0,20.0,71133.0,27.0,71125.5,0.0
1,84600,GIFT_BASKET,71119,14,71118.0,23.0,,,71132,14,71133.0,23.0,,,71125.5,0.0
1,84700,GIFT_BASKET,71127,3,71122.0,2.0,71121.0,13.0,71133,2,71134.0,13.0,71136.0,15.0,71130.0,0.0
1,84800,GIFT_BASKET,71114,18,71113.0,18.0,,,71127,18,71128.0,18.0,,,71120.5,0.0
1,84900,GIFT_BASKET,71113,17,71112.0,25.0,,,71126,17,71127.0,25.0,,,71119.5,0.0
1,85000,GIFT_BASKET,71099,1,71098.0,19.0,71097.0,16.0,71110,1,71111.0,19.0,71112.0,16.0,71104.5,0.0
1,85100,GIFT_BASKET,71106,1,71105.0,10.0,71104.0,15.0,71117,1,71118.0,10.0,71119.0,15.0,71111.5,0.0
1,85200,GIFT_BASKET,71120,11,71119.0,27.0,,,71133,11,71134.0,27.0,,,71126.5,0.0
1,85300,GIFT_BASKET,71121,2,71120.0,11.0,71119.0,19.0,71132,2,71133.0,11.0,71134.0,19.0,71126.5,0.0
1,85400,GIFT_BASKET,71110,1,71108.0,10.0,71107.0,17.0,71120,1,71122.0,10.0,71123.0,17.0,71115.0,0.0
1,85500,GIFT_BASKET,71102,1,71101.0,19.0,71100.0,20.0,71113,1,71114.0,19.0,71115.0,20.0,71107.5,0.0
1,85600,GIFT_BASKET,71095,12,71094.0,27.0,,,71108,12,71109.0,27.0,,,71101.5,0.0
1,85700,GIFT_BASKET,71077,12,71076.0,23.0,,,71091,12,71092.0,23.0,,,71084.0,0.0
1,85800,GIFT_BASKET,71078,2,71077.0,16.0,71076.0,27.0,71089,2,71090.0,16.0,71091.0,27.0,71083.5,0.0
1,85900,GIFT_BASKET,71079,1,71078.0,11.0,71077.0,18.0,71090,1,71091.0,11.0,71092.0,18.0,71084.5,0.0
1,86000,GIFT_BASKET,71085,15,71084.0,19.0,,,71098,15,71099.0,19.0,,,71091.5,0.0
1,86100,GIFT_BASKET,71111,2,71106.0,2.0,71105.0,12.0,71117,2,71118.0,12.0,71119.0,28.0,71114.0,0.0
1,86200,GIFT_BASKET,71104,1,71103.0,15.0,71102.0,20.0,71115,1,71116.0,15.0,71117.0,20.0,71109.5,0.0
1,86300,GIFT_BASKET,71101,2,71099.0,16.0,71098.0,19.0,71112,2,71113.0,16.0,71114.0,19.0,71106.5,0.0
1,86400,GIFT_BASKET,71107,2,71105.0,14.0,71104.0,25.0,71117,2,71119.0,14.0,71120.0,25.0,71112.0,0.0
1,86500,GIFT_BASKET,71092,15,71091.0,22.0,,,71105,15,71106.0,22.0,,,71098.5,0.0
1,86600,GIFT_BASKET,71091,16,71090.0,24.0,,,71104,16,71105.0,24.0,,,71097.5,0.0
1,86700,GIFT_BASKET,71089,15,71088.0,21.0,,,71102,15,71103.0,21.0,,,71095.5,0.0
1,86800,GIFT_BASKET,71095,13,71093.0,28.0,,,71108,13,71109.0,28.0,,,71101.5,0.0
1,86900,GIFT_BASKET,71085,19,71084.0,24.0,,,71098,19,71099.0,24.0,,,71091.5,0.0
1,87000,GIFT_BASKET,71087,1,71086.0,14.0,71085.0,29.0,71098,1,71099.0,14.0,71100.0,29.0,71092.5,0.0
1,87100,GIFT_BASKET,71092,19,71091.0,18.0,,,71098,6,71105.0,19.0,71106.0,18.0,71095.0,0.0
1,87200,GIFT_BASKET,71101,12,71100.0,24.0,,,71114,12,71115.0,24.0,,,71107.5,0.0
1,87300,GIFT_BASKET,71096,2,71095.0,14.0,71094.0,25.0,71107,2,71108.0,14.0,71109.0,25.0,71101.5,0.0
1,87400,GIFT_BASKET,71087,1,71086.0,10.0,71085.0,26.0,71098,1,71099.0,10.0,71100.0,26.0,71092.5,0.0
1,87500,GIFT_BASKET,71085,1,71084.0,18.0,71083.0,17.0,71096,1,71097.0,18.0,71098.0,17.0,71090.5,0.0
1,87600,GIFT_BASKET,71091,2,71090.0,12.0,71089.0,27.0,71102,2,71103.0,12.0,71104.0,27.0,71096.5,0.0
1,87700,GIFT_BASKET,71096,2,71095.0,12.0,71094.0,26.0,71107,2,71108.0,12.0,71110.0,26.0,71101.5,0.0
1,87800,GIFT_BASKET,71090,2,71089.0,15.0,71088.0,25.0,71101,2,71102.0,15.0,71103.0,25.0,71095.5,0.0
1,87900,GIFT_BASKET,71100,2,71099.0,14.0,71097.0,28.0,71111,2,71112.0,14.0,71113.0,28.0,71105.5,0.0
1,88000,GIFT_BASKET,71090,2,71089.0,18.0,71088.0,23.0,71101,2,71102.0,18.0,71103.0,23.0,71095.5,0.0
1,88100,GIFT_BASKET,71078,1,71077.0,12.0,71076.0,23.0,71089,1,71090.0,12.0,71091.0,23.0,71083.5,0.0
1,88200,GIFT_BASKET,71081,2,71080.0,17.0,71079.0,26.0,71092,2,71093.0,17.0,71094.0,26.0,71086.5,0.0
1,88300,GIFT_BASKET,71083,1,71082.0,10.0,71080.0,18.0,71094,1,71095.0,10.0,71096.0,18.0,71088.5,0.0
1,88400,GIFT_BASKET,71087,1,71085.0,18.0,71084.0,25.0,71097,1,71099.0,18.0,71100.0,25.0,71092.0,0.0
1,88500,GIFT_BASKET,71087,19,71086.0,29.0,,,71100,19,71101.0,29.0,,,71093.5,0.0
1,88600,GIFT_BASKET,71100,16,71099.0,27.0,,,71113,16,71114.0,27.0,,,71106.5,0.0
1,88700,GIFT_BASKET,71096,2,71095.0,10.0,71094.0,29.0,71107,2,71108.0,10.0,71109.0,29.0,71101.5,0.0
1,88800,GIFT_BASKET,71083,2,71082.0,15.0,71081.0,26.0,71094,2,71095.0,15.0,71096.0,26.0,71088.5,0.0
1,88900,GIFT_BASKET,71084,1,71083.0,14.0,71082.0,28.0,71095,1,71096.0,14.0,71097.0,28.0,71089.5,0.0
1,89000,GIFT_BASKET,71078,2,71076.0,16.0,71075.0,22.0,71088,2,71090.0,16.0,71091.0,22.0,71083.0,0.0
1,89100,GIFT_BASKET,71088,17,71087.0,23.0,,,71101,17,71103.0,23.0,,,71094.5,0.0
1,89200,GIFT_BASKET,71073,2,71072.0,17.0,71071.0,21.0,71084,2,71085.0,17.0,71086.0,21.0,71078.5,0.0
1,89300,GIFT_BASKET,71086,14,71085.0,30.0,,,71087,8,71099.0,14.0,71100.0,30.0,71086.5,0.0
1,89400,GIFT_BASKET,71081,1,71080.0,16.0,71079.0,26.0,71092,1,71093.0,16.0,71094.0,26.0,71086.5,0.0
1,89500,GIFT_BASKET,71083,2,71082.0,15.0,71081.0,26.0,71094,2,71095.0,15.0,71096.0,26.0,71088.5,0.0
1,89600,GIFT_BASKET,71081,2,71079.0,17.0,71078.0,25.0,71091,2,71093.0,17.0,71094.0,25.0,71086.0,0.0
1,89700,GIFT_BASKET,71073,2,71072.0,17.0,71071.0,23.0,71084,2,71085.0,17.0,71086.0,23.0,71078.5,0.0
1,89800,GIFT_BASKET,71081,18,71080.0,29.0,,,71094,18,71095.0,29.0,,,71087.5,0.0
1,89900,GIFT_BASKET,71082,2,71081.0,16.0,71080.0,22.0,71093,2,71094.0,16.0,71095.0,22.0,71087.5,0.0
1,90000,GIFT_BASKET,71075,19,71074.0,15.0,,,71088,19,71089.0,15.0,,,71081.5,0.0
1,90100,GIFT_BASKET,71066,1,71065.0,12.0,71064.0,29.0,71077,1,71078.0,12.0,71079.0,29.0,71071.5,0.0
1,90200,GIFT_BASKET,71054,2,71052.0,19.0,71051.0,16.0,71064,2,71066.0,19.0,71067.0,16.0,71059.0,0.0
1,90300,GIFT_BASKET,71046,17,71044.0,22.0,,,71059,17,71060.0,22.0,,,71052.5,0.0
1,90400,GIFT_BASKET,71064,20,71063.0,15.0,,,71077,20,71078.0,15.0,,,71070.5,0.0
1,90500,GIFT_BASKET,71058,1,71056.0,13.0,71055.0,26.0,71069,1,71070.0,13.0,71071.0,26.0,71063.5,0.0
1,90600,GIFT_BASKET,71051,2,71050.0,19.0,71049.0,20.0,71062,2,71063.0,19.0,71064.0,20.0,71056.5,0.0
1,90700,GIFT_BASKET,71056,15,71055.0,21.0,,,71069,15,71070.0,21.0,,,71062.5,0.0
1,90800,GIFT_BASKET,71054,1,71052.0,10.0,71051.0,30.0,71064,1,71066.0,10.0,71067.0,30.0,71059.0,0.0
1,90900,GIFT_BASKET,71051,10,71050.0,16.0,,,71064,10,71065.0,16.0,,,71057.5,0.0
1,91000,GIFT_BASKET,71042,2,71041.0,20.0,71040.0,28.0,71053,2,71054.0,20.0,71056.0,28.0,71047.5,0.0
1,91100,GIFT_BASKET,71034,5,71028.0,20.0,71027.0,30.0,71041,20,71042.0,30.0,,,71037.5,0.0
1,91200,GIFT_BASKET,71037,1,71036.0,15.0,71035.0,27.0,71048,1,71049.0,15.0,71050.0,27.0,71042.5,0.0
1,91300,GIFT_BASKET,71035,15,71034.0,30.0,,,71048,15,71049.0,30.0,,,71041.5,0.0
1,91400,GIFT_BASKET,71035,2,71034.0,17.0,71033.0,20.0,71046,2,71047.0,17.0,71048.0,20.0,71040.5,0.0
1,91500,GIFT_BASKET,71034,1,71033.0,10.0,71032.0,18.0,71045,1,71046.0,10.0,71047.0,18.0,71039.5,0.0
1,91600,GIFT_BASKET,71039,2,71038.0,17.0,71037.0,27.0,71050,2,71051.0,17.0,71052.0,27.0,71044.5,0.0
1,91700,GIFT_BASKET,71058,15,71057.0,17.0,,,71071,15,71072.0,17.0,,,71064.5,0.0
1,91800,GIFT_BASKET,71061,1,71060.0,13.0,71059.0,17.0,71072,1,71073.0,13.0,71074.0,17.0,71066.5,0.0
1,91900,GIFT_BASKET,71063,1,71062.0,10.0,71061.0,30.0,71074,1,71075.0,10.0,71076.0,30.0,71068.5,0.0
1,92000,GIFT_BASKET,71057,1,71056.0,11.0,71055.0,18.0,71068,1,71069.0,11.0,71070.0,18.0,71062.5,0.0
1,92100,GIFT_BASKET,71057,10,71056.0,28.0,,,71069,2,71070.0,11.0,71071.0,28.0,71063.0,0.0
1,92200,GIFT_BASKET,71066,10,71065.0,25.0,,,71079,10,71080.0,25.0,,,71072.5,0.0
1,92300,GIFT_BASKET,71071,1,71069.0,14.0,71068.0,29.0,71081,1,71083.0,14.0,71084.0,29.0,71076.0,0.0
1,92400,GIFT_BASKET,71084,10,71083.0,20.0,,,71097,10,71098.0,20.0,,,71090.5,0.0
1,92500,GIFT_BASKET,71083,2,71082.0,19.0,71081.0,27.0,71094,2,71095.0,19.0,71096.0,27.0,71088.5,0.0
1,92600,GIFT_BASKET,71078,13,71077.0,21.0,,,71091,13,71092.0,21.0,,,71084.5,0.0
1,92700,GIFT_BASKET,71088,2,71087.0,11.0,71086.0,26.0,71099,2,71100.0,11.0,71102.0,26.0,71093.5,0.0
1,92800,GIFT_BASKET,71103,3,71092.0,1.0,71091.0,10.0,71104,10,71105.0,27.0,,,71103.5,0.0
1,92900,GIFT_BASKET,71086,2,71084.0,10.0,71083.0,20.0,71096,2,71098.0,10.0,71099.0,20.0,71091.0,0.0
1,93000,GIFT_BASKET,71083,12,71082.0,20.0,,,71096,12,71097.0,20.0,,,71089.5,0.0
1,93100,GIFT_BASKET,71077,2,71076.0,11.0,71075.0,25.0,71088,2,71089.0,11.0,71090.0,25.0,71082.5,0.0
1,93200,GIFT_BASKET,71087,13,71086.0,26.0,,,71100,13,71101.0,26.0,,,71093.5,0.0
1,93300,GIFT_BASKET,71086,12,71085.0,16.0,,,71099,12,71100.0,16.0,,,71092.5,0.0
1,93400,GIFT_BASKET,71088,18,71087.0,19.0,,,71101,18,71103.0,19.0,,,71094.5,0.0
1,93500,GIFT_BASKET,71083,1,71082.0,12.0,71081.0,22.0,71094,1,71095.0,12.0,71096.0,22.0,71088.5,0.0
1,93600,GIFT_BASKET,71073,17,71072.0,18.0,,,71086,17,71087.0,18.0,,,71079.5,0.0
1,93700,GIFT_BASKET,71071,1,71070.0,16.0,71069.0,26.0,71082,1,71083.0,16.0,71084.0,26.0,71076.5,0.0
1,93800,GIFT_BASKET,71063,1,71062.0,11.0,71060.0,26.0,71074,1,71075.0,11.0,71076.0,26.0,71068.5,0.0
1,93900,GIFT_BASKET,71056,2,71055.0,12.0,71054.0,30.0,71067,2,71068.0,12.0,71069.0,30.0,71061.5,0.0
1,94000,GIFT_BASKET,71058,11,71057.0,19.0,,,71072,11,71073.0,19.0,,,71065.0,0.0
1,94100,GIFT_BASKET,71058,1,71057.0,15.0,71056.0,22.0,71069,1,71070.0,15.0,71071.0,22.0,71063.5,0.0
1,94200,GIFT_BASKET,71042,11,71041.0,25.0,,,71055,11,71056.0,25.0,,,71048.5,0.0
1,94300,GIFT_BASKET,71043,2,71042.0,17.0,71041.0,30.0,71054,2,71055.0,17.0,71056.0,30.0,71048.5,0.0
1,94400,GIFT_BASKET,71043,1,71042.0,12.0,71040.0,21.0,71048,4,71054.0,1.0,71055.0,12.0,71045.5,0.0
1,94500,GIFT_BASKET,71046,18,71045.0,20.0,,,71059,18,71060.0,20.0,,,71052.5,0.0
1,94600,GIFT_BASKET,71046,13,71045.0,20.0,,,71059,13,71060.0,20.0,,,71052.5,0.0
1,94700,GIFT_BASKET,71040,1,71039.0,15.0,71038.0,26.0,71051,1,71052.0,15.0,71053.0,26.0,71045.5,0.0
1,94800,GIFT_BASKET,71052,1,71051.0,14.0,71050.0,25.0,71063,1,71064.0,14.0,71065.0,25.0,71057.5,0.0
1,94900,GIFT_BASKET,71054,2,71053.0,18.0,71052.0,21.0,71065,2,71066.0,18.0,71067.0,21.0,71059.5,0.0
1,95000,GIFT_BASKET,71047,1,71046.0,16.0,71045.0,27.0,71058,1,71059.0,16.0,71060.0,27.0,71052.5,0.0
1,95100,GIFT_BASKET,71060,2,71058.0,16.0,71057.0,15.0,71070,2,71072.0,16.0,71073.0,15.0,71065.0,0.0
1,95200,GIFT_BASKET,71061,16,71060.0,26.0,,,71074,16,71075.0,26.0,,,71067.5,0.0
1,95300,GIFT_BASKET,71050,14,71049.0,30.0,,,71064,14,71065.0,30.0,,,71057.0,0.0
1,95400,GIFT_BASKET,71047,2,71046.0,11.0,71045.0,29.0,71052,5,71058.0,2.0,71059.0,11.0,71049.5,0.0
1,95500,GIFT_BASKET,71052,20,71051.0,27.0,,,71065,20,71066.0,27.0,,,71058.5,0.0
1,95600,GIFT_BASKET,71053,1,71047.0,20.0,71046.0,24.0,71060,20,71062.0,24.0,,,71056.5,0.0
1,95700,GIFT_BASKET,71031,2,71030.0,11.0,71029.0,27.0,71042,2,71043.0,11.0,71044.0,27.0,71036.5,0.0
1,95800,GIFT_BASKET,71024,1,71023.0,20.0,71022.0,30.0,71035,1,71036.0,20.0,71037.0,30.0,71029.5,0.0
1,95900,GIFT_BASKET,71017,2,71016.0,17.0,71015.0,28.0,71028,2,71029.0,17.0,71030.0,28.0,71022.5,0.0
1,96000,GIFT_BASKET,71034,1,71033.0,20.0,71032.0,23.0,71045,1,71046.0,20.0,71047.0,23.0,71039.5,0.0
1,96100,GIFT_BASKET,71034,1,71033.0,20.0,71032.0,22.0,71045,1,71046.0,20.0,71047.0,22.0,71039.5,0.0
1,96200,GIFT_BASKET,71026,1,71025.0,10.0,71024.0,23.0,71037,1,71038.0,10.0,71039.0,23.0,71031.5,0.0
1,96300,GIFT_BASKET,71013,12,71012.0,22.0,,,71026,12,71027.0,22.0,,,71019.5,0.0
1,96400,GIFT_BASKET,71029,2,71028.0,10.0,71027.0,20.0,71040,2,71041.0,10.0,71042.0,20.0,71034.5,0.0
1,96500,GIFT_BASKET,71018,7,71013.0,2.0,71012.0,16.0,71024,2,71025.0,16.0,71026.0,24.0,71021.0,0.0
1,96600,GIFT_BASKET,71007,1,71006.0,18.0,71005.0,29.0,71018,1,71019.0,18.0,71020.0,29.0,71012.5,0.0
1,96700,GIFT_BASKET,70995,2,70994.0,10.0,70993.0,26.0,71006,2,71007.0,10.0,71008.0,26.0,71000.5,0.0
1,96800,GIFT_BASKET,70987,2,70986.0,18.0,70985.0,25.0,70998,2,70999.0,18.0,71000.0,25.0,70992.5,0.0
1,96900,GIFT_BASKET,70996,1,70995.0,11.0,70994.0,16.0,71007,1,71008.0,11.0,71009.0,16.0,71001.5,0.0
1,97000,GIFT_BASKET,70987,1,70986.0,13.0,70985.0,22.0,70998,1,70999.0,13.0,71000.0,22.0,70992.5,0.0
1,97100,GIFT_BASKET,70972,16,70971.0,20.0,,,70985,16,70986.0,20.0,,,70978.5,0.0
1,97200,GIFT_BASKET,70971,11,70970.0,17.0,,,70984,11,70986.0,17.0,,,70977.5,0.0
1,97300,GIFT_BASKET,70964,10,70963.0,18.0,,,70977,10,70978.0,18.0,,,70970.5,0.0
1,97400,GIFT_BASKET,70961,17,70960.0,24.0,,,70974,17,70975.0,24.0,,,70967.5,0.0
1,97500,GIFT_BASKET,70951,18,70950.0,20.0,,,70964,18,70965.0,20.0,,,70957.5,0.0
1,97600,GIFT_BASKET,70958,2,70957.0,10.0,70956.0,30.0,70969,2,70970.0,10.0,70971.0,30.0,70963.5,0.0
1,97700,GIFT_BASKET,70963,2,70962.0,17.0,70961.0,18.0,70974,2,70975.0,17.0,70976.0,18.0,70968.5,0.0
1,97800,GIFT_BASKET,70966,2,70965.0,20.0,70964.0,19.0,70977,2,70978.0,20.0,70979.0,19.0,70971.5,0.0
1,97900,GIFT_BASKET,70975,14,70973.0,16.0,,,70988,14,70989.0,16.0,,,70981.5,0.0
1,98000,GIFT_BASKET,70984,2,70983.0,16.0,70982.0,25.0,70995,2,70996.0,16.0,70997.0,25.0,70989.5,0.0
1,98100,GIFT_BASKET,70991,13,70990.0,18.0,,,71004,13,71005.0,18.0,,,70997.5,0.0
1,98200,GIFT_BASKET,70995,16,70994.0,16.0,,,71008,16,71009.0,16.0,,,71001.5,0.0
1,98300,GIFT_BASKET,71004,13,71003.0,23.0,,,71017,13,71018.0,23.0,,,71010.5,0.0
1,98400,GIFT_BASKET,71011,1,71010.0,16.0,71009.0,26.0,71022,1,71023.0,16.0,71024.0,26.0,71016.5,0.0
1,98500,GIFT_BASKET,71014,2,71013.0,10.0,71012.0,25.0,71025,2,71026.0,10.0,71027.0,25.0,71019.5,0.0
1,98600,GIFT_BASKET,71018,20,71017.0,26.0,,,71024,3,71031.0,20.0,71033.0,26.0,71021.0,0.0
1,98700,GIFT_BASKET,71023,1,71022.0,17.0,71021.0,26.0,71034,1,71035.0,17.0,71036.0,26.0,71028.5,0.0
1,98800,GIFT_BASKET,71026,2,71025.0,19.0,71024.0,26.0,71037,2,71038.0,19.0,71039.0,26.0,71031.5,0.0
1,98900,GIFT_BASKET,71036,1,71035.0,17.0,71034.0,22.0,71047,1,71048.0,17.0,71049.0,22.0,71041.5,0.0
1,99000,GIFT_BASKET,71023,1,71022.0,14.0,71021.0,29.0,71034,1,71035.0,14.0,71036.0,29.0,71028.5,0.0
1,99100,GIFT_BASKET,71023,16,71022.0,23.0,,,71036,16,71037.0,23.0,,,71029.5,0.0
1,99200,GIFT_BASKET,71033,5,71021.0,18.0,71020.0,22.0,71034,18,71035.0,22.0,,,71033.5,0.0
1,99300,GIFT_BASKET,71020,2,71019.0,12.0,71018.0,19.0,71031,2,71032.0,12.0,71033.0,19.0,71025.5,0.0
1,99400,GIFT_BASKET,71021,1,71020.0,20.0,71018.0,28.0,71032,1,71033.0,20.0,71034.0,28.0,71026.5,0.0
1,99500,GIFT_BASKET,71020,13,71019.0,23.0,,,71033,13,71034.0,23.0,,,71026.5,0.0
1,99600,GIFT_BASKET,71016,13,71015.0,21.0,,,71022,5,71029.0,13.0,71030.0,21.0,71019.0,0.0
1,99700,GIFT_BASKET,71012,12,71011.0,29.0,,,71025,12,71026.0,29.0,,,71018.5,0.0
1,99800,GIFT_BASKET,71009,1,71008.0,14.0,71007.0,24.0,71020,1,71021.0,14.0,71022.0,24.0,71014.5,0.0
1,99900,GIFT_BASKET,71008,1,71006.0,13.0,71005.0,25.0,71018,1,71020.0,13.0,71021.0,25.0,71013.0,0.0
1,100000,GIFT_BASKET,71005,1,71004.0,13.0,71003.0,28.0,71016,1,71017.0,13.0,71018.0,28.0,71010.5,0.0
1,100100,GIFT_BASKET,71006,2,71005.0,19.0,71004.0,19.0,71017,2,71018.0,19.0,71019.0,19.0,71011.5,0.0
1,100200,GIFT_BASKET,71006,15,71005.0,30.0,,,71019,15,71020.0,30.0,,,71012.5,0.0
1,100300,GIFT_BASKET,71009,2,71008.0,17.0,71007.0,30.0,71020,2,71021.0,17.0,71022.0,30.0,71014.5,0.0
1,100400,GIFT_BASKET,71009,10,71008.0,16.0,,,71022,10,71023.0,16.0,,,71015.5,0.0
1,100500,GIFT_BASKET,71001,12,71000.0,30.0,,,71014,12,71015.0,30.0,,,71007.5,0.0
1,100600,GIFT_BASKET,71008,2,71007.0,20.0,71006.0,17.0,71019,2,71020.0,20.0,71021.0,17.0,71013.5,0.0
1,100700,GIFT_BASKET,71002,16,71001.0,23.0,,,71015,16,71016.0,23.0,,,71008.5,0.0
1,100800,GIFT_BASKET,70998,10,70997.0,29.0,,,71011,10,71012.0,29.0,,,71004.5,0.0
1,100900,GIFT_BASKET,70995,2,70994.0,16.0,70993.0,17.0,71006,2,71007.0,16.0,71008.0,17.0,71000.5,0.0
1,101000,GIFT_BASKET,71007,2,71006.0,16.0,71005.0,25.0,71018,2,71019.0,16.0,71020.0,25.0,71012.5,0.0
1,101100,GIFT_BASKET,70991,12,70990.0,28.0,,,71005,12,71006.0,28.0,,,70998.0,0.0
1,101200,GIFT_BASKET,70982,13,70981.0,21.0,,,70988,7,70995.0,13.0,70996.0,21.0,70985.0,0.0
1,101300,GIFT_BASKET,70978,13,70977.0,17.0,,,70991,13,70992.0,17.0,,,70984.5,0.0
1,101400,GIFT_BASKET,70968,2,70967.0,19.0,70966.0,26.0,70979,2,70980.0,19.0,70981.0,26.0,70973.5,0.0
1,101500,GIFT_BASKET,70961,1,70960.0,15.0,70959.0,15.0,70972,1,70973.0,15.0,70975.0,15.0,70966.5,0.0
1,101600,GIFT_BASKET,70976,11,70974.0,27.0,,,70989,11,70990.0,27.0,,,70982.5,0.0
1,101700,GIFT_BASKET,70971,1,70970.0,14.0,70969.0,23.0,70982,1,70983.0,14.0,70984.0,23.0,70976.5,0.0
1,101800,GIFT_BASKET,70971,1,70970.0,16.0,70969.0,24.0,70982,1,70983.0,16.0,70984.0,24.0,70976.5,0.0
1,101900,GIFT_BASKET,70985,2,70984.0,18.0,70983.0,17.0,70996,2,70997.0,18.0,70998.0,17.0,70990.5,0.0
1,102000,GIFT_BASKET,70984,1,70983.0,13.0,70982.0,17.0,70995,1,70996.0,13.0,70997.0,17.0,70989.5,0.0
1,102100,GIFT_BASKET,70974,12,70973.0,20.0,,,70987,19,70988.0,20.0,,,70980.5,0.0
1,102200,GIFT_BASKET,70966,2,70965.0,10.0,70964.0,25.0,70977,2,70978.0,10.0,70979.0,25.0,70971.5,0.0
1,102300,GIFT_BASKET,70954,2,70953.0,17.0,70952.0,20.0,70965,2,70966.0,17.0,70967.0,20.0,70959.5,0.0
1,102400,GIFT_BASKET,70948,14,70947.0,15.0,,,70962,14,70963.0,15.0,,,70955.0,0.0
1,102500,GIFT_BASKET,70955,2,70954.0,15.0,70953.0,21.0,70966,2,70967.0,15.0,70968.0,21.0,70960.5,0.0
1,102600,GIFT_BASKET,70948,1,70947.0,12.0,70946.0,28.0,70959,1,70960.0,12.0,70961.0,28.0,70953.5,0.0
1,102700,GIFT_BASKET,70946,2,70945.0,11.0,70944.0,17.0,70957,2,70958.0,11.0,70959.0,17.0,70951.5,0.0
1,102800,GIFT_BASKET,70949,1,70948.0,18.0,70947.0,22.0,70960,1,70961.0,18.0,70962.0,22.0,70954.5,0.0
1,102900,GIFT_BASKET,70944,11,70943.0,23.0,,,70957,11,70958.0,23.0,,,70950.5,0.0
1,103000,GIFT_BASKET,70955,1,70954.0,19.0,70953.0,26.0,70966,1,70967.0,19.0,70968.0,26.0,70960.5,0.0
1,103100,GIFT_BASKET,70965,6,70960.0,1.0,70959.0,18.0,70971,1,70972.0,18.0,70973.0,28.0,70968.0,0.0
1,103200,GIFT_BASKET,70946,11,70945.0,20.0,,,70959,11,70961.0,20.0,,,70952.5,0.0
1,103300,GIFT_BASKET,70952,16,70951.0,29.0,,,70965,16,70966.0,29.0,,,70958.5,0.0
1,103400,GIFT_BASKET,70950,1,70949.0,18.0,70948.0,27.0,70961,1,70962.0,18.0,70963.0,27.0,70955.5,0.0
1,103500,GIFT_BASKET,70948,2,70946.0,14.0,70945.0,21.0,70958,2,70960.0,14.0,70961.0,21.0,70953.0,0.0
1,103600,GIFT_BASKET,70938,20,70937.0,25.0,,,70951,20,70952.0,25.0,,,70944.5,0.0
1,103700,GIFT_BASKET,70924,1,70923.0,18.0,70922.0,16.0,70935,1,70936.0,18.0,70937.0,16.0,70929.5,0.0
1,103800,GIFT_BASKET,70923,1,70922.0,12.0,70921.0,27.0,70934,1,70935.0,12.0,70936.0,27.0,70928.5,0.0
1,103900,GIFT_BASKET,70921,1,70920.0,16.0,70919.0,16.0,70932,1,70933.0,16.0,70934.0,16.0,70926.5,0.0
1,104000,GIFT_BASKET,70952,4,70946.0,7.0,70941.0,2.0,70953,15,70954.0,26.0,,,70952.5,0.0
1,104100,GIFT_BASKET,70930,1,70929.0,19.0,70928.0,23.0,70941,1,70942.0,19.0,70943.0,23.0,70935.5,0.0
1,104200,GIFT_BASKET,70921,14,70920.0,29.0,,,70934,14,70935.0,29.0,,,70927.5,0.0
1,104300,GIFT_BASKET,70922,9,70921.0,23.0,,,70935,17,70936.0,23.0,,,70928.5,0.0
1,104400,GIFT_BASKET,70929,16,70927.0,20.0,,,70942,16,70943.0,20.0,,,70935.5,0.0
1,104500,GIFT_BASKET,70944,2,70943.0,16.0,70942.0,25.0,70955,2,70956.0,16.0,70957.0,25.0,70949.5,0.0
1,104600,GIFT_BASKET,70943,2,70942.0,16.0,70940.0,15.0,70953,2,70955.0,16.0,70956.0,15.0,70948.0,0.0
1,104700,GIFT_BASKET,70939,13,70938.0,15.0,,,70953,13,70954.0,15.0,,,70946.0,0.0
1,104800,GIFT_BASKET,70944,2,70943.0,12.0,70942.0,20.0,70955,2,70956.0,12.0,70957.0,20.0,70949.5,0.0
1,104900,GIFT_BASKET,70952,1,70951.0,10.0,70950.0,15.0,70963,1,70964.0,10.0,70965.0,15.0,70957.5,0.0
1,105000,GIFT_BASKET,70961,2,70960.0,18.0,70959.0,30.0,70972,2,70973.0,18.0,70974.0,30.0,70966.5,0.0
1,105100,GIFT_BASKET,70965,12,70964.0,25.0,,,70978,12,70979.0,25.0,,,70971.5,0.0
1,105200,GIFT_BASKET,70963,1,70962.0,12.0,70961.0,21.0,70974,1,70975.0,12.0,70976.0,21.0,70968.5,0.0
1,105300,GIFT_BASKET,70967,2,70966.0,10.0,70965.0,29.0,70978,2,70979.0,10.0,70980.0,29.0,70972.5,0.0
1,105400,GIFT_BASKET,70947,2,70946.0,12.0,70945.0,28.0,70952,2,70958.0,2.0,70959.0,12.0,70949.5,0.0
1,105500,GIFT_BASKET,70949,1,70948.0,12.0,70947.0,27.0,70960,1,70961.0,12.0,70962.0,27.0,70954.5,0.0
1,105600,GIFT_BASKET,70951,13,70950.0,26.0,,,70964,13,70965.0,26.0,,,70957.5,0.0
1,105700,GIFT_BASKET,70940,13,70939.0,18.0,,,70954,13,70955.0,18.0,,,70947.0,0.0
1,105800,GIFT_BASKET,70940,20,70939.0,15.0,,,70954,20,70955.0,15.0,,,70947.0,0.0
1,105900,GIFT_BASKET,70940,1,70939.0,16.0,70938.0,15.0,70951,1,70952.0,16.0,70953.0,15.0,70945.5,0.0
1,106000,GIFT_BASKET,70923,2,70922.0,16.0,70921.0,30.0,70934,2,70935.0,16.0,70936.0,30.0,70928.5,0.0
1,106100,GIFT_BASKET,70931,1,70930.0,11.0,70929.0,30.0,70942,1,70943.0,11.0,70944.0,30.0,70936.5,0.0
1,106200,GIFT_BASKET,70942,1,70941.0,14.0,70940.0,28.0,70953,1,70954.0,14.0,70955.0,28.0,70947.5,0.0
1,106300,GIFT_BASKET,70938,1,70937.0,18.0,70936.0,26.0,70949,1,70950.0,18.0,70951.0,26.0,70943.5,0.0
1,106400,GIFT_BASKET,70936,17,70935.0,24.0,,,70949,17,70950.0,24.0,,,70942.5,0.0
1,106500,GIFT_BASKET,70952,1,70951.0,16.0,70950.0,21.0,70963,1,70964.0,16.0,70965.0,21.0,70957.5,0.0
1,106600,GIFT_BASKET,70969,13,70967.0,21.0,,,70982,13,70983.0,21.0,,,70975.5,0.0
1,106700,GIFT_BASKET,70970,2,70969.0,20.0,70968.0,16.0,70981,2,70982.0,20.0,70983.0,16.0,70975.5,0.0
