day,timestamp,product,bid_price_1,bid_volume_1,bid_price_2,bid_volume_2,bid_price_3,bid_volume_3,ask_price_1,ask_volume_1,ask_price_2,ask_volume_2,ask_price_3,ask_volume_3,mid_price,profit_and_loss
1,0,ROSES,14545,27,14544.0,34.0,,,14546,61,,,,,14545.5,0.0
1,100,ROSES,14543,20,14542.0,36.0,,,14544,56,,,,,14543.5,0.0
1,200,ROSES,14543,26,14542.0,36.0,,,14544,62,,,,,14543.5,0.0
1,300,ROSES,14541,16,14540.0,38.0,,,14542,54,,,,,14541.5,0.0
1,400,ROSES,14547,61,,,,,14548,61,,,,,14547.5,0.0
1,500,ROSES,14549,54,,,,,14551,54,,,,,14550.0,0.0
1,600,ROSES,14550,57,,,,,14551,18,14552.0,39.0,,,14550.5,0.0
1,700,ROSES,14547,73,,,,,14549,73,,,,,14548.0,0.0
1,800,ROSES,14550,67,,,,,14551,67,,,,,14550.5,0.0
1,900,ROSES,14552,50,,,,,14553,50,,,,,14552.5,0.0
1,1000,ROSES,14550,66,,,,,14552,66,,,,,14551.0,0.0
1,1100,ROSES,14549,67,,,,,14551,67,,,,,14550.0,0.0
1,1200,ROSES,14545,64,,,,,14546,16,14547.0,48.0,,,14545.5,0.0
1,1300,ROSES,14545,75,,,,,14546,29,14547.0,46.0,,,14545.5,0.0
1,1400,ROSES,14548,29,14547.0,47.0,,,14549,76,,,,,14548.5,0.0
1,1500,ROSES,14551,23,14550.0,48.0,,,14552,78,,,,,14551.5,0.0
1,1600,ROSES,14552,50,,,,,14554,50,,,,,14553.0,0.0
1,1700,ROSES,14555,22,14554.0,37.0,,,14556,59,,,,,14555.5,0.0
1,1800,ROSES,14553,64,,,,,14554,30,14555.0,34.0,,,14553.5,0.0
1,1900,ROSES,14552,79,,,,,14553,79,,,,,14552.5,0.0
1,2000,ROSES,14555,67,,,,,14557,67,,,,,14556.0,0.0
1,2100,ROSES,14557,13,14556.0,36.0,,,14558,57,,,,,14557.5,0.0
1,2200,ROSES,14554,68,,,,,14556,68,,,,,14555.0,0.0
1,2300,ROSES,14556,61,,,,,14557,24,14558.0,37.0,,,14556.5,0.0
1,2400,ROSES,14558,52,,,,,14560,52,,,,,14559.0,0.0
1,2500,ROSES,14561,21,14560.0,39.0,,,14562,60,,,,,14561.5,0.0
1,2600,ROSES,14561,56,,,,,14562,61,,,,,14561.5,0.0
1,2700,ROSES,14560,19,14559.0,30.0,,,14561,49,,,,,14560.5,0.0
1,2800,ROSES,14561,57,,,,,14562,57,,,,,14561.5,0.0
1,2900,ROSES,14566,25,14565.0,44.0,,,14567,69,,,,,14566.5,0.0
1,3000,ROSES,14566,60,,,,,14567,16,14568.0,44.0,,,14566.5,0.0
1,3100,ROSES,14564,52,,,,,14566,52,,,,,14565.0,0.0
1,3200,ROSES,14565,78,,,,,14567,78,,,,,14566.0,0.0
1,3300,ROSES,14562,62,,,,,14563,62,,,,,14562.5,0.0
1,3400,ROSES,14563,19,14562.0,46.0,,,14564,65,,,,,14563.5,0.0
1,3500,ROSES,14562,76,,,,,14563,76,,,,,14562.5,0.0
1,3600,ROSES,14565,29,14564.0,39.0,,,14566,68,,,,,14565.5,0.0
1,3700,ROSES,14565,65,,,,,14566,65,,,,,14565.5,0.0
1,3800,ROSES,14568,77,,,,,14569,27,14570.0,50.0,,,14568.5,0.0
1,3900,ROSES,14575,27,14574.0,39.0,,,14576,66,,,,,14575.5,0.0
1,4000,ROSES,14574,66,,,,,14575,16,14576.0,50.0,,,14574.5,0.0
1,4100,ROSES,14572,72,,,,,14573,72,,,,,14572.5,0.0
1,4200,ROSES,14573,62,,,,,14574,26,14575.0,36.0,,,14573.5,0.0
1,4300,ROSES,14573,63,,,,,14574,63,,,,,14573.5,0.0
1,4400,ROSES,14573,51,,,,,14575,51,,,,,14574.0,0.0
1,4500,ROSES,14572,65,,,,,14573,65,,,,,14572.5,0.0
1,4600,ROSES,14573,60,,,,,14575,60,,,,,14574.0,0.0
1,4700,ROSES,14574,18,14573.0,47.0,,,14575,65,,,,,14574.5,0.0
1,4800,ROSES,14568,27,14567.0,33.0,,,14569,60,,,,,14568.5,0.0
1,4900,ROSES,14567,66,,,,,14568,66,,,,,14567.5,0.0
1,5000,ROSES,14568,51,,,,,14569,51,,,,,14568.5,0.0
1,5100,ROSES,14571,77,,,,,14573,77,,,,,14572.0,0.0
1,5200,ROSES,14570,72,,,,,14571,72,,,,,14570.5,0.0
1,5300,ROSES,14568,28,14567.0,34.0,,,14569,62,,,,,14568.5,0.0
1,5400,ROSES,14571,60,,,,,14572,60,,,,,14571.5,0.0
1,5500,ROSES,14569,54,,,,,14570,21,14571.0,33.0,,,14569.5,0.0
1,5600,ROSES,14570,16,14569.0,45.0,,,14571,61,,,,,14570.5,0.0
1,5700,ROSES,14571,59,,,,,14572,59,,,,,14571.5,0.0
1,5800,ROSES,14573,74,,,,,14574,30,14575.0,44.0,,,14573.5,0.0
1,5900,ROSES,14573,50,,,,,14574,17,14575.0,33.0,,,14573.5,0.0
1,6000,ROSES,14570,65,,,,,14571,23,14572.0,42.0,,,14570.5,0.0
1,6100,ROSES,14573,53,,,,,14574,53,,,,,14573.5,0.0
1,6200,ROSES,14572,67,,,,,14573,67,,,,,14572.5,0.0
1,6300,ROSES,14570,58,,,,,14572,58,,,,,14571.0,0.0
1,6400,ROSES,14576,64,,,,,14577,24,14578.0,40.0,,,14576.5,0.0
1,6500,ROSES,14579,15,14578.0,40.0,,,14580,55,,,,,14579.5,0.0
1,6600,ROSES,14576,60,,,,,14577,57,,,,,14576.5,0.0
1,6700,ROSES,14574,57,,,,,14575,6,14576.0,57.0,,,14574.5,0.0
1,6800,ROSES,14574,71,,,,,14575,71,,,,,14574.5,0.0
1,6900,ROSES,14572,12,14571.0,31.0,,,14573,51,,,,,14572.5,0.0
1,7000,ROSES,14566,63,,,,,14567,27,14568.0,36.0,,,14566.5,0.0
1,7100,ROSES,14569,26,14568.0,35.0,,,14570,61,,,,,14569.5,0.0
1,7200,ROSES,14571,49,,,,,14572,49,,,,,14571.5,0.0
1,7300,ROSES,14572,22,14571.0,44.0,,,14573,66,,,,,14572.5,0.0
1,7400,ROSES,14570,56,,,,,14572,56,,,,,14571.0,0.0
1,7500,ROSES,14571,65,,,,,14572,22,14573.0,43.0,,,14571.5,0.0
1,7600,ROSES,14573,70,,,,,14574,70,,,,,14573.5,0.0
1,7700,ROSES,14570,53,,,,,14571,20,14572.0,33.0,,,14570.5,0.0
1,7800,ROSES,14569,61,,,,,14570,20,14571.0,41.0,,,14569.5,0.0
1,7900,ROSES,14568,28,14567.0,49.0,,,14569,77,,,,,14568.5,0.0
1,8000,ROSES,14570,18,14569.0,37.0,,,14571,55,,,,,14570.5,0.0
1,8100,ROSES,14570,54,,,,,14572,54,,,,,14571.0,0.0
1,8200,ROSES,14567,55,,,,,14568,55,,,,,14567.5,0.0
1,8300,ROSES,14565,70,,,,,14566,27,14567.0,43.0,,,14565.5,0.0
1,8400,ROSES,14570,77,,,,,14571,29,14572.0,48.0,,,14570.5,0.0
1,8500,ROSES,14567,75,,,,,14569,75,,,,,14568.0,0.0
1,8600,ROSES,14568,67,,,,,14569,58,,,,,14568.5,0.0
1,8700,ROSES,14566,56,,,,,14567,26,14568.0,30.0,,,14566.5,0.0
1,8800,ROSES,14570,24,14569.0,30.0,,,14571,54,,,,,14570.5,0.0
1,8900,ROSES,14570,15,14569.0,48.0,,,14571,63,,,,,14570.5,0.0
1,9000,ROSES,14568,70,,,,,14570,70,,,,,14569.0,0.0
1,9100,ROSES,14565,59,,,,,14566,16,14567.0,43.0,,,14565.5,0.0
1,9200,ROSES,14564,69,,,,,14566,69,,,,,14565.0,0.0
1,9300,ROSES,14567,67,,,,,14568,67,,,,,14567.5,0.0
1,9400,ROSES,14569,56,,,,,14570,56,,,,,14569.5,0.0
1,9500,ROSES,14565,61,,,,,14566,61,,,,,14565.5,0.0
1,9600,ROSES,14569,58,,,,,14571,58,,,,,14570.0,0.0
1,9700,ROSES,14569,70,,,,,14570,70,,,,,14569.5,0.0
1,9800,ROSES,14566,78,,,,,14567,78,,,,,14566.5,0.0
1,9900,ROSES,14566,60,,,,,14568,60,,,,,14567.0,0.0
1,10000,ROSES,14564,64,,,,,14566,64,,,,,14565.0,0.0
1,10100,ROSES,14563,76,,,,,14564,76,,,,,14563.5,0.0
1,10200,ROSES,14561,65,,,,,14562,26,14563.0,39.0,,,14561.5,0.0
1,10300,ROSES,14561,60,,,,,14562,60,,,,,14561.5,0.0
1,10400,ROSES,14559,70,,,,,14561,70,,,,,14560.0,0.0
1,10500,ROSES,14555,16,14554.0,43.0,,,14556,59,,,,,14555.5,0.0
1,10600,ROSES,14556,51,,,,,14557,17,14558.0,34.0,,,14556.5,0.0
1,10700,ROSES,14555,16,14554.0,49.0,,,14556,65,,,,,14555.5,0.0
1,10800,ROSES,14558,59,,,,,14559,20,14560.0,39.0,,,14558.5,0.0
1,10900,ROSES,14560,25,14559.0,43.0,,,14561,68,,,,,14560.5,0.0
1,11000,ROSES,14561,71,,,,,14563,71,,,,,14562.0,0.0
1,11100,ROSES,14562,66,,,,,14563,66,,,,,14562.5,0.0
1,11200,ROSES,14566,17,14565.0,48.0,,,14567,65,,,,,14566.5,0.0
1,11300,ROSES,14565,54,,,,,14566,54,,,,,14565.5,0.0
1,11400,ROSES,14562,63,,,,,14563,63,,,,,14562.5,0.0
1,11500,ROSES,14563,49,,,,,14564,49,,,,,14563.5,0.0
1,11600,ROSES,14555,66,,,,,14557,66,,,,,14556.0,0.0
1,11700,ROSES,14554,75,,,,,14556,75,,,,,14555.0,0.0
1,11800,ROSES,14555,59,,,,,14556,59,,,,,14555.5,0.0
1,11900,ROSES,14554,30,14553.0,34.0,,,14555,64,,,,,14554.5,0.0
1,12000,ROSES,14557,61,,,,,14559,61,,,,,14558.0,0.0
1,12100,ROSES,14559,53,,,,,14561,53,,,,,14560.0,0.0
1,12200,ROSES,14560,27,14559.0,32.0,,,14561,59,,,,,14560.5,0.0
1,12300,ROSES,14559,24,14558.0,33.0,,,14560,57,,,,,14559.5,0.0
1,12400,ROSES,14562,22,14561.0,42.0,,,14563,64,,,,,14562.5,0.0
1,12500,ROSES,14560,64,,,,,14561,64,,,,,14560.5,0.0
1,12600,ROSES,14559,29,14558.0,30.0,,,14560,59,,,,,14559.5,0.0
1,12700,ROSES,14561,57,,,,,14562,57,,,,,14561.5,0.0
1,12800,ROSES,14562,77,,,,,14564,77,,,,,14563.0,0.0
1,12900,ROSES,14568,76,,,,,14570,76,,,,,14569.0,0.0
1,13000,ROSES,14568,15,14567.0,33.0,,,14569,48,,,,,14568.5,0.0
1,13100,ROSES,14562,76,,,,,14564,76,,,,,14563.0,0.0
1,13200,ROSES,14564,51,,,,,14565,18,14566.0,41.0,,,14564.5,0.0
1,13300,ROSES,14568,63,,,,,14569,63,,,,,14568.5,0.0
1,13400,ROSES,14567,57,,,,,14569,57,,,,,14568.0,0.0
1,13500,ROSES,14572,66,,,,,14573,66,,,,,14572.5,0.0
1,13600,ROSES,14577,67,,,,,14578,67,,,,,14577.5,0.0
1,13700,ROSES,14575,49,,,,,14576,49,,,,,14575.5,0.0
1,13800,ROSES,14574,23,14573.0,42.0,,,14575,65,,,,,14574.5,0.0
1,13900,ROSES,14570,73,,,,,14571,23,14572.0,50.0,,,14570.5,0.0
1,14000,ROSES,14572,23,14571.0,34.0,,,14573,57,,,,,14572.5,0.0
1,14100,ROSES,14574,22,14573.0,35.0,,,14575,57,,,,,14574.5,0.0
1,14200,ROSES,14575,66,,,,,14577,66,,,,,14576.0,0.0
1,14300,ROSES,14572,58,,,,,14573,58,,,,,14572.5,0.0
1,14400,ROSES,14570,29,14569.0,39.0,,,14571,68,,,,,14570.5,0.0
1,14500,ROSES,14566,25,14565.0,46.0,,,14567,71,,,,,14566.5,0.0
1,14600,ROSES,14561,64,,,,,14562,28,14563.0,36.0,,,14561.5,0.0
1,14700,ROSES,14557,66,,,,,14559,66,,,,,14558.0,0.0
1,14800,ROSES,14553,64,,,,,14554,64,,,,,14553.5,0.0
1,14900,ROSES,14552,61,,,,,14554,61,,,,,14553.0,0.0
1,15000,ROSES,14553,79,,,,,14555,79,,,,,14554.0,0.0
1,15100,ROSES,14555,58,,,,,14557,58,,,,,14556.0,0.0
1,15200,ROSES,14555,49,,,,,14556,16,14557.0,33.0,,,14555.5,0.0
1,15300,ROSES,14553,50,,,,,14555,50,,,,,14554.0,0.0
1,15400,ROSES,14553,66,,,,,14555,66,,,,,14554.0,0.0
1,15500,ROSES,14555,59,,,,,14556,59,,,,,14555.5,0.0
1,15600,ROSES,14554,64,,,,,14555,21,14556.0,43.0,,,14554.5,0.0
1,15700,ROSES,14554,62,,,,,14555,20,14556.0,42.0,,,14554.5,0.0
1,15800,ROSES,14553,65,,,,,14555,65,,,,,14554.0,0.0
1,15900,ROSES,14552,49,,,,,14553,49,,,,,14552.5,0.0
1,16000,ROSES,14552,69,,,,,14553,69,,,,,14552.5,0.0
1,16100,ROSES,14549,59,,,,,14550,59,,,,,14549.5,0.0
1,16200,ROSES,14552,19,14551.0,42.0,,,14553,61,,,,,14552.5,0.0
1,16300,ROSES,14547,59,,,,,14549,59,,,,,14548.0,0.0
1,16400,ROSES,14549,30,14548.0,33.0,,,14550,63,,,,,14549.5,0.0
1,16500,ROSES,14545,17,14544.0,35.0,,,14546,52,,,,,14545.5,0.0
1,16600,ROSES,14549,72,,,,,14550,72,,,,,14549.5,0.0
1,16700,ROSES,14551,62,,,,,14553,62,,,,,14552.0,0.0
1,16800,ROSES,14549,55,,,,,14550,20,14551.0,35.0,,,14549.5,0.0
1,16900,ROSES,14548,78,,,,,14549,78,,,,,14548.5,0.0
1,17000,ROSES,14545,26,14544.0,50.0,,,14546,76,,,,,14545.5,0.0
1,17100,ROSES,14544,67,,,,,14546,67,,,,,14545.0,0.0
1,17200,ROSES,14546,29,14545.0,36.0,,,14547,65,,,,,14546.5,0.0
1,17300,ROSES,14553,69,,,,,14554,63,,,,,14553.5,0.0
1,17400,ROSES,14549,51,,,,,14550,51,,,,,14549.5,0.0
1,17500,ROSES,14552,73,,,,,14554,73,,,,,14553.0,0.0
1,17600,ROSES,14551,64,,,,,14552,64,,,,,14551.5,0.0
1,17700,ROSES,14552,19,14551.0,45.0,,,14553,74,,,,,14552.5,0.0
1,17800,ROSES,14554,65,,,,,14555,25,14556.0,40.0,,,14554.5,0.0
1,17900,ROSES,14556,29,14555.0,46.0,,,14557,75,,,,,14556.5,0.0
1,18000,ROSES,14557,75,,,,,14558,75,,,,,14557.5,0.0
1,18100,ROSES,14556,53,,,,,14557,17,14558.0,36.0,,,14556.5,0.0
1,18200,ROSES,14556,62,,,,,14557,27,14558.0,35.0,,,14556.5,0.0
1,18300,ROSES,14557,21,14556.0,45.0,,,14558,66,,,,,14557.5,0.0
1,18400,ROSES,14560,52,,,,,14561,52,,,,,14560.5,0.0
1,18500,ROSES,14556,61,,,,,14557,61,,,,,14556.5,0.0
1,18600,ROSES,14554,70,,,,,14556,70,,,,,14555.0,0.0
1,18700,ROSES,14551,59,,,,,14552,59,,,,,14551.5,0.0
1,18800,ROSES,14548,75,,,,,14549,26,14550.0,49.0,,,14548.5,0.0
1,18900,ROSES,14546,66,,,,,14547,66,,,,,14546.5,0.0
1,19000,ROSES,14549,74,,,,,14550,74,,,,,14549.5,0.0
1,19100,ROSES,14555,73,,,,,14556,30,14557.0,43.0,,,14555.5,0.0
1,19200,ROSES,14559,68,,,,,14560,68,,,,,14559.5,0.0
1,19300,ROSES,14555,58,,,,,14557,58,,,,,14556.0,0.0
1,19400,ROSES,14556,18,14555.0,33.0,,,14557,51,,,,,14556.5,0.0
1,19500,ROSES,14552,60,,,,,14554,60,,,,,14553.0,0.0
1,19600,ROSES,14554,24,14553.0,45.0,,,14555,69,,,,,14554.5,0.0
1,19700,ROSES,14557,59,,,,,14559,59,,,,,14558.0,0.0
1,19800,ROSES,14559,62,,,,,14560,62,,,,,14559.5,0.0
1,19900,ROSES,14561,79,,,,,14563,79,,,,,14562.0,0.0
1,20000,ROSES,14561,65,,,,,14562,65,,,,,14561.5,0.0
1,20100,ROSES,14555,63,,,,,14557,63,,,,,14556.0,0.0
1,20200,ROSES,14550,54,,,,,14551,54,,,,,14550.5,0.0
1,20300,ROSES,14549,77,,,,,14551,77,,,,,14550.0,0.0
1,20400,ROSES,14551,60,,,,,14552,27,14553.0,33.0,,,14551.5,0.0
1,20500,ROSES,14555,21,14554.0,40.0,,,14556,61,,,,,14555.5,0.0
1,20600,ROSES,14554,22,14553.0,41.0,,,14555,63,,,,,14554.5,0.0
1,20700,ROSES,14554,76,,,,,14555,69,,,,,14554.5,0.0
1,20800,ROSES,14555,17,14554.0,49.0,,,14556,66,,,,,14555.5,0.0
1,20900,ROSES,14558,26,14557.0,43.0,,,14559,69,,,,,14558.5,0.0
1,21000,ROSES,14557,60,,,,,14559,60,,,,,14558.0,0.0
1,21100,ROSES,14554,66,,,,,14556,66,,,,,14555.0,0.0
1,21200,ROSES,14557,65,,,,,14559,65,,,,,14558.0,0.0
1,21300,ROSES,14558,51,,,,,14560,51,,,,,14559.0,0.0
1,21400,ROSES,14560,22,14559.0,43.0,,,14561,65,,,,,14560.5,0.0
1,21500,ROSES,14556,62,,,,,14557,62,,,,,14556.5,0.0
1,21600,ROSES,14556,63,,,,,14557,63,,,,,14556.5,0.0
1,21700,ROSES,14551,64,,,,,14552,27,14553.0,37.0,,,14551.5,0.0
1,21800,ROSES,14545,63,,,,,14547,63,,,,,14546.0,0.0
1,21900,ROSES,14545,18,14544.0,43.0,,,14546,61,,,,,14545.5,0.0
1,22000,ROSES,14543,73,,,,,14545,73,,,,,14544.0,0.0
1,22100,ROSES,14545,62,,,,,14546,28,14547.0,34.0,,,14545.5,0.0
1,22200,ROSES,14549,68,,,,,14550,29,14551.0,39.0,,,14549.5,0.0
1,22300,ROSES,14549,69,,,,,14550,69,,,,,14549.5,0.0
1,22400,ROSES,14554,65,,,,,14555,21,14556.0,44.0,,,14554.5,0.0
1,22500,ROSES,14552,53,,,,,14554,53,,,,,14553.0,0.0
1,22600,ROSES,14554,61,,,,,14556,61,,,,,14555.0,0.0
1,22700,ROSES,14551,54,,,,,14552,54,,,,,14551.5,0.0
1,22800,ROSES,14551,76,,,,,14553,76,,,,,14552.0,0.0
1,22900,ROSES,14550,72,,,,,14552,72,,,,,14551.0,0.0
1,23000,ROSES,14550,24,14549.0,39.0,,,14551,63,,,,,14550.5,0.0
1,23100,ROSES,14551,66,,,,,14553,66,,,,,14552.0,0.0
1,23200,ROSES,14546,46,,,,,14547,15,14548.0,31.0,,,14546.5,0.0
1,23300,ROSES,14546,68,,,,,14548,68,,,,,14547.0,0.0
1,23400,ROSES,14544,57,,,,,14545,23,14546.0,34.0,,,14544.5,0.0
1,23500,ROSES,14544,68,,,,,14546,68,,,,,14545.0,0.0
1,23600,ROSES,14545,74,,,,,14547,74,,,,,14546.0,0.0
1,23700,ROSES,14544,61,,,,,14546,61,,,,,14545.0,0.0
1,23800,ROSES,14543,50,,,,,14545,50,,,,,14544.0,0.0
1,23900,ROSES,14540,73,,,,,14541,25,14542.0,48.0,,,14540.5,0.0
1,24000,ROSES,14542,24,14541.0,30.0,,,14543,54,,,,,14542.5,0.0
1,24100,ROSES,14540,23,14539.0,32.0,,,14541,55,,,,,14540.5,0.0
1,24200,ROSES,14541,67,,,,,14542,67,,,,,14541.5,0.0
1,24300,ROSES,14537,55,,,,,14538,55,,,,,14537.5,0.0
1,24400,ROSES,14541,61,,,,,14542,61,,,,,14541.5,0.0
1,24500,ROSES,14538,64,,,,,14539,64,,,,,14538.5,0.0
1,24600,ROSES,14541,53,,,,,14542,20,14543.0,33.0,,,14541.5,0.0
1,24700,ROSES,14540,56,,,,,14541,56,,,,,14540.5,0.0
1,24800,ROSES,14541,61,,,,,14543,61,,,,,14542.0,0.0
1,24900,ROSES,14541,66,,,,,14542,66,,,,,14541.5,0.0
1,25000,ROSES,14543,53,,,,,14544,53,,,,,14543.5,0.0
1,25100,ROSES,14543,65,,,,,14544,65,,,,,14543.5,0.0
1,25200,ROSES,14546,70,,,,,14548,70,,,,,14547.0,0.0
1,25300,ROSES,14548,48,,,,,14550,48,,,,,14549.0,0.0
1,25400,ROSES,14550,60,,,,,14551,30,14552.0,30.0,,,14550.5,0.0
1,25500,ROSES,14555,72,,,,,14556,72,,,,,14555.5,0.0
1,25600,ROSES,14553,64,,,,,14554,64,,,,,14553.5,0.0
1,25700,ROSES,14557,18,14556.0,35.0,,,14558,53,,,,,14557.5,0.0
1,25800,ROSES,14557,51,,,,,14558,51,,,,,14557.5,0.0
1,25900,ROSES,14553,19,14552.0,41.0,,,14554,60,,,,,14553.5,0.0
1,26000,ROSES,14554,66,,,,,14555,66,,,,,14554.5,0.0
1,26100,ROSES,14553,73,,,,,14555,73,,,,,14554.0,0.0
1,26200,ROSES,14558,69,,,,,14559,30,14560.0,39.0,,,14558.5,0.0
1,26300,ROSES,14557,20,14556.0,30.0,,,14558,50,,,,,14557.5,0.0
1,26400,ROSES,14557,49,,,,,14558,49,,,,,14557.5,0.0
1,26500,ROSES,14557,69,,,,,14559,69,,,,,14558.0,0.0
1,26600,ROSES,14552,65,,,,,14553,17,14554.0,48.0,,,14552.5,0.0
1,26700,ROSES,14554,16,14553.0,43.0,,,14555,59,,,,,14554.5,0.0
1,26800,ROSES,14551,20,14550.0,44.0,,,14552,64,,,,,14551.5,0.0
1,26900,ROSES,14555,16,14554.0,44.0,,,14556,60,,,,,14555.5,0.0
1,27000,ROSES,14559,65,,,,,14561,65,,,,,14560.0,0.0
1,27100,ROSES,14559,67,,,,,14561,67,,,,,14560.0,0.0
1,27200,ROSES,14555,61,,,,,14556,61,,,,,14555.5,0.0
1,27300,ROSES,14555,77,,,,,14557,77,,,,,14556.0,0.0
1,27400,ROSES,14556,68,,,,,14557,65,,,,,14556.5,0.0
1,27500,ROSES,14558,54,,,,,14559,54,,,,,14558.5,0.0
1,27600,ROSES,14557,66,,,,,14558,66,,,,,14557.5,0.0
1,27700,ROSES,14554,24,14553.0,44.0,,,14555,68,,,,,14554.5,0.0
1,27800,ROSES,14553,79,,,,,14554,29,14555.0,50.0,,,14553.5,0.0
1,27900,ROSES,14551,20,14550.0,36.0,,,14552,56,,,,,14551.5,0.0
1,28000,ROSES,14556,20,14555.0,44.0,,,14557,64,,,,,14556.5,0.0
1,28100,ROSES,14554,29,14553.0,34.0,,,14555,63,,,,,14554.5,0.0
1,28200,ROSES,14552,18,14551.0,35.0,,,14553,53,,,,,14552.5,0.0
1,28300,ROSES,14552,22,14551.0,43.0,,,14553,65,,,,,14552.5,0.0
1,28400,ROSES,14548,57,,,,,14549,25,14550.0,32.0,,,14548.5,0.0
1,28500,ROSES,14547,59,,,,,14548,59,,,,,14547.5,0.0
1,28600,ROSES,14546,63,,,,,14548,63,,,,,14547.0,0.0
1,28700,ROSES,14545,62,,,,,14546,29,14547.0,33.0,,,14545.5,0.0
1,28800,ROSES,14544,56,,,,,14546,56,,,,,14545.0,0.0
1,28900,ROSES,14548,73,,,,,14549,73,,,,,14548.5,0.0
1,29000,ROSES,14549,66,,,,,14550,66,,,,,14549.5,0.0
1,29100,ROSES,14545,50,,,,,14546,18,14547.0,32.0,,,14545.5,0.0
1,29200,ROSES,14544,58,,,,,14545,58,,,,,14544.5,0.0
1,29300,ROSES,14546,60,,,,,14547,25,14548.0,35.0,,,14546.5,0.0
1,29400,ROSES,14544,60,,,,,14546,60,,,,,14545.0,0.0
1,29500,ROSES,14544,73,,,,,14546,73,,,,,14545.0,0.0
1,29600,ROSES,14544,69,,,,,14546,69,,,,,14545.0,0.0
1,29700,ROSES,14546,69,,,,,14547,69,,,,,14546.5,0.0
1,29800,ROSES,14545,67,,,,,14547,67,,,,,14546.0,0.0
1,29900,ROSES,14545,80,,,,,14546,80,,,,,14545.5,0.0
1,30000,ROSES,14542,56,,,,,14544,56,,,,,14543.0,0.0
1,30100,ROSES,14543,69,,,,,14545,69,,,,,14544.0,0.0
1,30200,ROSES,14541,64,,,,,14542,64,,,,,14541.5,0.0
1,30300,ROSES,14546,76,,,,,14547,76,,,,,14546.5,0.0
1,30400,ROSES,14546,25,14545.0,37.0,,,14547,62,,,,,14546.5,0.0
1,30500,ROSES,14545,52,,,,,14546,17,14547.0,35.0,,,14545.5,0.0
1,30600,ROSES,14547,56,,,,,14549,56,,,,,14548.0,0.0
1,30700,ROSES,14547,52,,,,,14548,52,,,,,14547.5,0.0
1,30800,ROSES,14547,51,,,,,14548,21,14549.0,30.0,,,14547.5,0.0
1,30900,ROSES,14547,67,,,,,14548,23,14549.0,44.0,,,14547.5,0.0
1,31000,ROSES,14545,64,,,,,14546,27,14547.0,37.0,,,14545.5,0.0
1,31100,ROSES,14542,61,,,,,14544,61,,,,,14543.0,0.0
1,31200,ROSES,14540,56,,,,,14542,56,,,,,14541.0,0.0
1,31300,ROSES,14544,22,14543.0,42.0,,,14545,64,,,,,14544.5,0.0
1,31400,ROSES,14542,55,,,,,14543,55,,,,,14542.5,0.0
1,31500,ROSES,14541,25,14540.0,33.0,,,14542,58,,,,,14541.5,0.0
1,31600,ROSES,14539,67,,,,,14541,67,,,,,14540.0,0.0
1,31700,ROSES,14541,49,,,,,14543,49,,,,,14542.0,0.0
1,31800,ROSES,14547,69,,,,,14548,69,,,,,14547.5,0.0
1,31900,ROSES,14544,54,,,,,14546,54,,,,,14545.0,0.0
1,32000,ROSES,14546,54,,,,,14547,54,,,,,14546.5,0.0
1,32100,ROSES,14546,66,,,,,14547,30,14548.0,36.0,,,14546.5,0.0
1,32200,ROSES,14545,76,,,,,14547,76,,,,,14546.0,0.0
1,32300,ROSES,14547,29,14546.0,41.0,,,14548,70,,,,,14547.5,0.0
1,32400,ROSES,14543,63,,,,,14544,27,14545.0,36.0,,,14543.5,0.0
1,32500,ROSES,14545,67,,,,,14547,67,,,,,14546.0,0.0
1,32600,ROSES,14546,58,,,,,14547,20,14548.0,38.0,,,14546.5,0.0
1,32700,ROSES,14543,58,,,,,14545,58,,,,,14544.0,0.0
1,32800,ROSES,14548,29,14547.0,31.0,,,14549,60,,,,,14548.5,0.0
1,32900,ROSES,14550,54,,,,,14551,15,14552.0,39.0,,,14550.5,0.0
1,33000,ROSES,14553,55,,,,,14555,55,,,,,14554.0,0.0
1,33100,ROSES,14549,71,,,,,14551,71,,,,,14550.0,0.0
1,33200,ROSES,14548,56,,,,,14550,56,,,,,14549.0,0.0
1,33300,ROSES,14547,53,,,,,14548,53,,,,,14547.5,0.0
1,33400,ROSES,14549,58,,,,,14550,58,,,,,14549.5,0.0
1,33500,ROSES,14553,20,14552.0,49.0,,,14554,69,,,,,14553.5,0.0
1,33600,ROSES,14547,62,,,,,14548,20,14549.0,42.0,,,14547.5,0.0
1,33700,ROSES,14547,54,,,,,14548,15,14549.0,39.0,,,14547.5,0.0
1,33800,ROSES,14547,54,,,,,14548,54,,,,,14547.5,0.0
1,33900,ROSES,14550,24,14549.0,44.0,,,14551,68,,,,,14550.5,0.0
1,34000,ROSES,14550,19,14549.0,39.0,,,14551,58,,,,,14550.5,0.0
1,34100,ROSES,14546,48,,,,,14547,48,,,,,14546.5,0.0
1,34200,ROSES,14545,50,,,,,14547,50,,,,,14546.0,0.0
1,34300,ROSES,14542,55,,,,,14544,55,,,,,14543.0,0.0
1,34400,ROSES,14540,55,,,,,14542,55,,,,,14541.0,0.0
1,34500,ROSES,14540,67,,,,,14542,67,,,,,14541.0,0.0
1,34600,ROSES,14539,49,,,,,14540,49,,,,,14539.5,0.0
1,34700,ROSES,14540,59,,,,,14541,59,,,,,14540.5,0.0
1,34800,ROSES,14535,76,,,,,14537,76,,,,,14536.0,0.0
1,34900,ROSES,14542,62,,,,,14543,16,14544.0,46.0,,,14542.5,0.0
1,35000,ROSES,14546,21,14545.0,31.0,,,14547,52,,,,,14546.5,0.0
1,35100,ROSES,14548,27,14547.0,43.0,,,14549,70,,,,,14548.5,0.0
1,35200,ROSES,14544,69,,,,,14545,69,,,,,14544.5,0.0
1,35300,ROSES,14538,74,,,,,14539,74,,,,,14538.5,0.0
1,35400,ROSES,14535,70,,,,,14537,70,,,,,14536.0,0.0
1,35500,ROSES,14535,26,14534.0,49.0,,,14536,75,,,,,14535.5,0.0
1,35600,ROSES,14541,59,,,,,14542,59,,,,,14541.5,0.0
1,35700,ROSES,14545,27,14544.0,36.0,,,14546,63,,,,,14545.5,0.0
1,35800,ROSES,14543,54,,,,,14544,18,14545.0,36.0,,,14543.5,0.0
1,35900,ROSES,14547,16,14546.0,40.0,,,14548,56,,,,,14547.5,0.0
1,36000,ROSES,14550,57,,,,,14551,57,,,,,14550.5,0.0
1,36100,ROSES,14550,56,,,,,14551,26,14552.0,30.0,,,14550.5,0.0
1,36200,ROSES,14553,63,,,,,14555,63,,,,,14554.0,0.0
1,36300,ROSES,14554,57,,,,,14556,57,,,,,14555.0,0.0
1,36400,ROSES,14552,54,,,,,14554,54,,,,,14553.0,0.0
1,36500,ROSES,14549,62,,,,,14550,22,14551.0,40.0,,,14549.5,0.0
1,36600,ROSES,14549,74,,,,,14550,74,,,,,14549.5,0.0
1,36700,ROSES,14552,24,14551.0,50.0,,,14553,74,,,,,14552.5,0.0
1,36800,ROSES,14548,64,,,,,14549,64,,,,,14548.5,0.0
1,36900,ROSES,14543,65,,,,,14545,65,,,,,14544.0,0.0
1,37000,ROSES,14545,53,,,,,14546,53,,,,,14545.5,0.0
1,37100,ROSES,14537,48,,,,,14538,18,14539.0,30.0,,,14537.5,0.0
1,37200,ROSES,14542,76,,,,,14544,76,,,,,14543.0,0.0
1,37300,ROSES,14541,69,,,,,14542,69,,,,,14541.5,0.0
1,37400,ROSES,14543,51,,,,,14544,17,14545.0,34.0,,,14543.5,0.0
1,37500,ROSES,14548,46,,,,,14550,53,,,,,14549.0,0.0
1,37600,ROSES,14544,57,,,,,14545,26,14546.0,31.0,,,14544.5,0.0
1,37700,ROSES,14541,78,,,,,14542,28,14543.0,50.0,,,14541.5,0.0
1,37800,ROSES,14547,50,,,,,14549,50,,,,,14548.0,0.0
1,37900,ROSES,14547,25,14546.0,50.0,,,14548,75,,,,,14547.5,0.0
1,38000,ROSES,14546,54,,,,,14548,54,,,,,14547.0,0.0
1,38100,ROSES,14547,55,,,,,14548,55,,,,,14547.5,0.0
1,38200,ROSES,14550,77,,,,,14551,77,,,,,14550.5,0.0
1,38300,ROSES,14554,25,14553.0,47.0,,,14555,72,,,,,14554.5,0.0
1,38400,ROSES,14554,59,,,,,14555,59,,,,,14554.5,0.0
1,38500,ROSES,14553,75,,,,,14554,75,,,,,14553.5,0.0
1,38600,ROSES,14553,59,,,,,14554,59,,,,,14553.5,0.0
1,38700,ROSES,14554,17,14553.0,31.0,,,14555,48,,,,,14554.5,0.0
1,38800,ROSES,14557,65,,,,,14559,65,,,,,14558.0,0.0
1,38900,ROSES,14558,63,,,,,14559,63,,,,,14558.5,0.0
1,39000,ROSES,14563,68,,,,,14564,68,,,,,14563.5,0.0
1,39100,ROSES,14560,70,,,,,14562,70,,,,,14561.0,0.0
1,39200,ROSES,14562,67,,,,,14563,67,,,,,14562.5,0.0
1,39300,ROSES,14567,66,,,,,14568,66,,,,,14567.5,0.0
1,39400,ROSES,14571,7,14570.0,73.0,,,14572,73,,,,,14571.5,0.0
1,39500,ROSES,14571,54,,,,,14573,54,,,,,14572.0,0.0
1,39600,ROSES,14569,65,,,,,14570,65,,,,,14569.5,0.0
1,39700,ROSES,14567,64,,,,,14568,64,,,,,14567.5,0.0
1,39800,ROSES,14566,53,,,,,14568,53,,,,,14567.0,0.0
1,39900,ROSES,14567,60,,,,,14569,60,,,,,14568.0,0.0
1,40000,ROSES,14567,19,14566.0,49.0,,,14568,68,,,,,14567.5,0.0
1,40100,ROSES,14562,55,,,,,14564,55,,,,,14563.0,0.0
1,40200,ROSES,14560,65,,,,,14562,65,,,,,14561.0,0.0
1,40300,ROSES,14562,61,,,,,14563,61,,,,,14562.5,0.0
1,40400,ROSES,14564,67,,,,,14565,25,14566.0,42.0,,,14564.5,0.0
1,40500,ROSES,14560,60,,,,,14561,27,14562.0,33.0,,,14560.5,0.0
1,40600,ROSES,14559,67,,,,,14560,26,14561.0,41.0,,,14559.5,0.0
1,40700,ROSES,14554,67,,,,,14556,67,,,,,14555.0,0.0
1,40800,ROSES,14553,63,,,,,14554,63,,,,,14553.5,0.0
1,40900,ROSES,14563,76,,,,,14564,76,,,,,14563.5,0.0
1,41000,ROSES,14563,53,,,,,14564,53,,,,,14563.5,0.0
1,41100,ROSES,14562,61,,,,,14563,61,,,,,14562.5,0.0
1,41200,ROSES,14560,61,,,,,14562,61,,,,,14561.0,0.0
1,41300,ROSES,14557,71,,,,,14558,71,,,,,14557.5,0.0
1,41400,ROSES,14552,27,14551.0,43.0,,,14553,70,,,,,14552.5,0.0
1,41500,ROSES,14552,16,14551.0,37.0,,,14553,53,,,,,14552.5,0.0
1,41600,ROSES,14551,55,,,,,14552,55,,,,,14551.5,0.0
1,41700,ROSES,14555,58,,,,,14556,58,,,,,14555.5,0.0
1,41800,ROSES,14550,56,,,,,14552,56,,,,,14551.0,0.0
1,41900,ROSES,14551,62,,,,,14553,62,,,,,14552.0,0.0
1,42000,ROSES,14555,74,,,,,14557,74,,,,,14556.0,0.0
1,42100,ROSES,14550,50,,,,,14551,50,,,,,14550.5,0.0
1,42200,ROSES,14552,30,14551.0,49.0,,,14553,79,,,,,14552.5,0.0
1,42300,ROSES,14547,66,,,,,14548,19,14549.0,47.0,,,14547.5,0.0
1,42400,ROSES,14548,59,,,,,14550,59,,,,,14549.0,0.0
1,42500,ROSES,14553,25,14552.0,44.0,,,14554,69,,,,,14553.5,0.0
1,42600,ROSES,14553,17,14552.0,33.0,,,14554,50,,,,,14553.5,0.0
1,42700,ROSES,14553,62,,,,,14555,62,,,,,14554.0,0.0
1,42800,ROSES,14551,69,,,,,14553,69,,,,,14552.0,0.0
1,42900,ROSES,14552,59,,,,,14554,59,,,,,14553.0,0.0
1,43000,ROSES,14555,56,,,,,14557,56,,,,,14556.0,0.0
1,43100,ROSES,14555,70,,,,,14556,70,,,,,14555.5,0.0
1,43200,ROSES,14554,57,,,,,14556,57,,,,,14555.0,0.0
1,43300,ROSES,14556,22,14555.0,31.0,,,14557,53,,,,,14556.5,0.0
1,43400,ROSES,14558,62,,,,,14559,62,,,,,14558.5,0.0
1,43500,ROSES,14553,64,,,,,14555,64,,,,,14554.0,0.0
1,43600,ROSES,14553,53,,,,,14555,53,,,,,14554.0,0.0
1,43700,ROSES,14551,80,,,,,14553,80,,,,,14552.0,0.0
1,43800,ROSES,14553,56,,,,,14554,56,,,,,14553.5,0.0
1,43900,ROSES,14556,51,,,,,14557,51,,,,,14556.5,0.0
1,44000,ROSES,14557,16,14556.0,30.0,,,14558,46,,,,,14557.5,0.0
1,44100,ROSES,14560,58,,,,,14562,58,,,,,14561.0,0.0
1,44200,ROSES,14557,65,,,,,14559,65,,,,,14558.0,0.0
1,44300,ROSES,14556,61,,,,,14558,61,,,,,14557.0,0.0
1,44400,ROSES,14554,16,14553.0,42.0,,,14555,58,,,,,14554.5,0.0
1,44500,ROSES,14554,28,14553.0,46.0,,,14555,74,,,,,14554.5,0.0
1,44600,ROSES,14554,56,,,,,14555,56,,,,,14554.5,0.0
1,44700,ROSES,14553,61,,,,,14555,61,,,,,14554.0,0.0
1,44800,ROSES,14550,72,,,,,14551,72,,,,,14550.5,0.0
1,44900,ROSES,14550,57,,,,,14551,57,,,,,14550.5,0.0
1,45000,ROSES,14548,51,,,,,14550,51,,,,,14549.0,0.0
1,45100,ROSES,14550,71,,,,,14551,16,14552.0,46.0,,,14550.5,0.0
1,45200,ROSES,14549,51,,,,,14551,51,,,,,14550.0,0.0
1,45300,ROSES,14553,25,14552.0,35.0,,,14554,60,,,,,14553.5,0.0
1,45400,ROSES,14553,72,,,,,14555,72,,,,,14554.0,0.0
1,45500,ROSES,14548,70,,,,,14549,29,14550.0,41.0,,,14548.5,0.0
1,45600,ROSES,14548,28,14547.0,40.0,,,14549,68,,,,,14548.5,0.0
1,45700,ROSES,14544,29,14543.0,50.0,,,14545,79,,,,,14544.5,0.0
1,45800,ROSES,14546,47,,,,,14548,47,,,,,14547.0,0.0
1,45900,ROSES,14550,52,,,,,14552,52,,,,,14551.0,0.0
1,46000,ROSES,14550,70,,,,,14552,70,,,,,14551.0,0.0
1,46100,ROSES,14551,66,,,,,14553,66,,,,,14552.0,0.0
1,46200,ROSES,14547,63,,,,,14549,63,,,,,14548.0,0.0
1,46300,ROSES,14541,53,,,,,14542,21,14543.0,32.0,,,14541.5,0.0
1,46400,ROSES,14539,76,,,,,14541,76,,,,,14540.0,0.0
1,46500,ROSES,14539,53,,,,,14540,53,,,,,14539.5,0.0
1,46600,ROSES,14534,64,,,,,14536,64,,,,,14535.0,0.0
1,46700,ROSES,14535,63,,,,,14536,63,,,,,14535.5,0.0
1,46800,ROSES,14536,29,14535.0,46.0,,,14537,75,,,,,14536.5,0.0
1,46900,ROSES,14537,76,,,,,14539,76,,,,,14538.0,0.0
1,47000,ROSES,14542,55,,,,,14543,55,,,,,14542.5,0.0
1,47100,ROSES,14544,70,,,,,14545,30,14546.0,40.0,,,14544.5,0.0
1,47200,ROSES,14543,61,,,,,14544,27,14545.0,34.0,,,14543.5,0.0
1,47300,ROSES,14543,61,,,,,14545,61,,,,,14544.0,0.0
1,47400,ROSES,14545,75,,,,,14546,75,,,,,14545.5,0.0
1,47500,ROSES,14542,60,,,,,14543,17,14544.0,43.0,,,14542.5,0.0
1,47600,ROSES,14546,76,,,,,14547,76,,,,,14546.5,0.0
1,47700,ROSES,14548,53,,,,,14550,53,,,,,14549.0,0.0
1,47800,ROSES,14548,25,14547.0,30.0,,,14549,55,,,,,14548.5,0.0
1,47900,ROSES,14546,68,,,,,14547,68,,,,,14546.5,0.0
1,48000,ROSES,14557,17,14556.0,49.0,,,14558,66,,,,,14557.5,0.0
1,48100,ROSES,14559,55,,,,,14560,55,,,,,14559.5,0.0
1,48200,ROSES,14562,24,14561.0,30.0,,,14563,54,,,,,14562.5,0.0
1,48300,ROSES,14567,23,14566.0,39.0,,,14568,62,,,,,14567.5,0.0
1,48400,ROSES,14569,55,,,,,14571,55,,,,,14570.0,0.0
1,48500,ROSES,14570,70,,,,,14571,70,,,,,14570.5,0.0
1,48600,ROSES,14572,59,,,,,14573,59,,,,,14572.5,0.0
1,48700,ROSES,14569,69,,,,,14571,69,,,,,14570.0,0.0
1,48800,ROSES,14571,56,,,,,14573,56,,,,,14572.0,0.0
1,48900,ROSES,14567,46,,,,,14568,16,14569.0,30.0,,,14567.5,0.0
1,49000,ROSES,14568,61,,,,,14570,61,,,,,14569.0,0.0
1,49100,ROSES,14570,47,,,,,14571,47,,,,,14570.5,0.0
1,49200,ROSES,14565,62,,,,,14567,62,,,,,14566.0,0.0
1,49300,ROSES,14571,51,,,,,14572,51,,,,,14571.5,0.0
1,49400,ROSES,14568,15,14567.0,32.0,,,14569,47,,,,,14568.5,0.0
1,49500,ROSES,14571,15,14570.0,47.0,,,14572,62,,,,,14571.5,0.0
1,49600,ROSES,14569,56,,,,,14570,21,14571.0,35.0,,,14569.5,0.0
1,49700,ROSES,14570,63,,,,,14571,63,,,,,14570.5,0.0
1,49800,ROSES,14568,80,,,,,14569,30,14570.0,50.0,,,14568.5,0.0
1,49900,ROSES,14575,66,,,,,14576,24,14577.0,42.0,,,14575.5,0.0
1,50000,ROSES,14578,58,,,,,14579,20,14580.0,38.0,,,14578.5,0.0
1,50100,ROSES,14583,72,,,,,14584,24,14585.0,48.0,,,14583.5,0.0
1,50200,ROSES,14585,64,,,,,14586,8,14587.0,64.0,,,14585.5,0.0
1,50300,ROSES,14587,75,,,,,14589,75,,,,,14588.0,0.0
1,50400,ROSES,14588,70,,,,,14589,70,,,,,14588.5,0.0
1,50500,ROSES,14587,55,,,,,14589,55,,,,,14588.0,0.0
1,50600,ROSES,14589,74,,,,,14590,74,,,,,14589.5,0.0
1,50700,ROSES,14589,53,,,,,14591,53,,,,,14590.0,0.0
1,50800,ROSES,14589,47,,,,,14590,15,14591.0,32.0,,,14589.5,0.0
1,50900,ROSES,14585,64,,,,,14587,64,,,,,14586.0,0.0
1,51000,ROSES,14584,74,,,,,14586,74,,,,,14585.0,0.0
1,51100,ROSES,14586,52,,,,,14587,16,14588.0,36.0,,,14586.5,0.0
1,51200,ROSES,14585,54,,,,,14586,54,,,,,14585.5,0.0
1,51300,ROSES,14586,57,,,,,14587,57,,,,,14586.5,0.0
1,51400,ROSES,14586,27,14585.0,37.0,,,14587,64,,,,,14586.5,0.0
1,51500,ROSES,14583,25,14582.0,36.0,,,14584,61,,,,,14583.5,0.0
1,51600,ROSES,14580,70,,,,,14581,26,14582.0,44.0,,,14580.5,0.0
1,51700,ROSES,14578,53,,,,,14579,22,14580.0,31.0,,,14578.5,0.0
1,51800,ROSES,14577,67,,,,,14579,67,,,,,14578.0,0.0
1,51900,ROSES,14577,29,14576.0,41.0,,,14578,70,,,,,14577.5,0.0
1,52000,ROSES,14580,77,,,,,14581,77,,,,,14580.5,0.0
1,52100,ROSES,14577,67,,,,,14578,67,,,,,14577.5,0.0
1,52200,ROSES,14571,74,,,,,14572,27,14573.0,47.0,,,14571.5,0.0
1,52300,ROSES,14573,67,,,,,14574,30,14575.0,37.0,,,14573.5,0.0
1,52400,ROSES,14572,77,,,,,14573,77,,,,,14572.5,0.0
1,52500,ROSES,14572,23,14571.0,35.0,,,14573,58,,,,,14572.5,0.0
1,52600,ROSES,14579,71,,,,,14580,71,,,,,14579.5,0.0
1,52700,ROSES,14583,62,,,,,14584,15,14585.0,47.0,,,14583.5,0.0
1,52800,ROSES,14585,74,,,,,14586,74,,,,,14585.5,0.0
1,52900,ROSES,14587,70,,,,,14589,70,,,,,14588.0,0.0
1,53000,ROSES,14588,70,,,,,14589,70,,,,,14588.5,0.0
1,53100,ROSES,14591,26,14590.0,48.0,,,14592,74,,,,,14591.5,0.0
1,53200,ROSES,14589,67,,,,,14590,30,14591.0,37.0,,,14589.5,0.0
1,53300,ROSES,14587,55,,,,,14588,15,14589.0,40.0,,,14587.5,0.0
1,53400,ROSES,14586,62,,,,,14587,59,,,,,14586.5,0.0
1,53500,ROSES,14590,57,,,,,14592,57,,,,,14591.0,0.0
1,53600,ROSES,14595,63,,,,,14596,63,,,,,14595.5,0.0
1,53700,ROSES,14593,76,,,,,14594,26,14595.0,50.0,,,14593.5,0.0
1,53800,ROSES,14596,61,,,,,14598,61,,,,,14597.0,0.0
1,53900,ROSES,14596,65,,,,,14597,30,14598.0,35.0,,,14596.5,0.0
1,54000,ROSES,14599,75,,,,,14601,75,,,,,14600.0,0.0
1,54100,ROSES,14598,63,,,,,14600,63,,,,,14599.0,0.0
1,54200,ROSES,14601,77,,,,,14602,30,14603.0,47.0,,,14601.5,0.0
1,54300,ROSES,14601,62,,,,,14602,62,,,,,14601.5,0.0
1,54400,ROSES,14600,57,,,,,14601,27,14602.0,30.0,,,14600.5,0.0
1,54500,ROSES,14600,56,,,,,14602,56,,,,,14601.0,0.0
1,54600,ROSES,14601,49,,,,,14602,49,,,,,14601.5,0.0
1,54700,ROSES,14599,75,,,,,14600,29,14601.0,46.0,,,14599.5,0.0
1,54800,ROSES,14595,77,,,,,14597,77,,,,,14596.0,0.0
1,54900,ROSES,14600,65,,,,,14602,65,,,,,14601.0,0.0
1,55000,ROSES,14599,70,,,,,14601,70,,,,,14600.0,0.0
1,55100,ROSES,14594,62,,,,,14595,18,14596.0,44.0,,,14594.5,0.0
1,55200,ROSES,14588,68,,,,,14589,68,,,,,14588.5,0.0
1,55300,ROSES,14580,58,,,,,14581,58,,,,,14580.5,0.0
1,55400,ROSES,14578,54,,,,,14580,54,,,,,14579.0,0.0
1,55500,ROSES,14582,53,,,,,14584,53,,,,,14583.0,0.0
1,55600,ROSES,14578,17,14577.0,31.0,,,14579,48,,,,,14578.5,0.0
1,55700,ROSES,14577,70,,,,,14578,70,,,,,14577.5,0.0
1,55800,ROSES,14572,57,,,,,14573,57,,,,,14572.5,0.0
1,55900,ROSES,14575,61,,,,,14576,28,14577.0,33.0,,,14575.5,0.0
1,56000,ROSES,14576,58,,,,,14577,28,14578.0,30.0,,,14576.5,0.0
1,56100,ROSES,14577,59,,,,,14578,28,14579.0,31.0,,,14577.5,0.0
1,56200,ROSES,14581,60,,,,,14582,20,14583.0,40.0,,,14581.5,0.0
1,56300,ROSES,14586,60,,,,,14587,60,,,,,14586.5,0.0
1,56400,ROSES,14589,63,,,,,14590,63,,,,,14589.5,0.0
1,56500,ROSES,14587,69,,,,,14589,69,,,,,14588.0,0.0
1,56600,ROSES,14584,17,14583.0,44.0,,,14585,61,,,,,14584.5,0.0
1,56700,ROSES,14581,57,,,,,14582,57,,,,,14581.5,0.0
1,56800,ROSES,14576,62,,,,,14577,62,,,,,14576.5,0.0
1,56900,ROSES,14581,50,,,,,14582,19,14583.0,31.0,,,14581.5,0.0
1,57000,ROSES,14581,18,14580.0,38.0,,,14582,56,,,,,14581.5,0.0
1,57100,ROSES,14581,58,,,,,14582,21,14583.0,37.0,,,14581.5,0.0
1,57200,ROSES,14582,57,,,,,14583,57,,,,,14582.5,0.0
1,57300,ROSES,14588,22,14587.0,41.0,,,14589,63,,,,,14588.5,0.0
1,57400,ROSES,14586,55,,,,,14587,17,14588.0,38.0,,,14586.5,0.0
1,57500,ROSES,14590,28,14589.0,44.0,,,14591,72,,,,,14590.5,0.0
1,57600,ROSES,14590,59,,,,,14592,59,,,,,14591.0,0.0
1,57700,ROSES,14590,57,,,,,14591,18,14592.0,39.0,,,14590.5,0.0
1,57800,ROSES,14585,64,,,,,14586,64,,,,,14585.5,0.0
1,57900,ROSES,14588,28,14587.0,48.0,,,14589,76,,,,,14588.5,0.0
1,58000,ROSES,14586,15,14585.0,44.0,,,14587,59,,,,,14586.5,0.0
1,58100,ROSES,14584,56,,,,,14586,56,,,,,14585.0,0.0
1,58200,ROSES,14585,48,,,,,14586,17,14587.0,31.0,,,14585.5,0.0
1,58300,ROSES,14585,72,,,,,14587,72,,,,,14586.0,0.0
1,58400,ROSES,14589,15,14588.0,39.0,,,14590,54,,,,,14589.5,0.0
1,58500,ROSES,14587,76,,,,,14588,76,,,,,14587.5,0.0
1,58600,ROSES,14587,75,,,,,14589,75,,,,,14588.0,0.0
1,58700,ROSES,14588,48,,,,,14590,48,,,,,14589.0,0.0
1,58800,ROSES,14589,16,14588.0,33.0,,,14590,49,,,,,14589.5,0.0
1,58900,ROSES,14591,15,14590.0,37.0,,,14592,52,,,,,14591.5,0.0
1,59000,ROSES,14590,71,,,,,14591,71,,,,,14590.5,0.0
1,59100,ROSES,14594,15,14593.0,35.0,,,14595,50,,,,,14594.5,0.0
1,59200,ROSES,14592,25,14591.0,31.0,,,14593,56,,,,,14592.5,0.0
1,59300,ROSES,14588,26,14587.0,49.0,,,14589,75,,,,,14588.5,0.0
1,59400,ROSES,14588,17,14587.0,32.0,,,14589,49,,,,,14588.5,0.0
1,59500,ROSES,14591,75,,,,,14592,26,14593.0,49.0,,,14591.5,0.0
1,59600,ROSES,14590,29,14589.0,47.0,,,14591,76,,,,,14590.5,0.0
1,59700,ROSES,14588,61,,,,,14589,23,14590.0,38.0,,,14588.5,0.0
1,59800,ROSES,14587,60,,,,,14588,24,14589.0,36.0,,,14587.5,0.0
1,59900,ROSES,14588,61,,,,,14589,61,,,,,14588.5,0.0
1,60000,ROSES,14587,73,,,,,14589,73,,,,,14588.0,0.0
1,60100,ROSES,14588,67,,,,,14590,67,,,,,14589.0,0.0
1,60200,ROSES,14584,21,14583.0,35.0,,,14585,56,,,,,14584.5,0.0
1,60300,ROSES,14588,71,,,,,14589,71,,,,,14588.5,0.0
1,60400,ROSES,14590,21,14589.0,49.0,,,14591,70,,,,,14590.5,0.0
1,60500,ROSES,14587,77,,,,,14589,77,,,,,14588.0,0.0
1,60600,ROSES,14591,70,,,,,14593,70,,,,,14592.0,0.0
1,60700,ROSES,14593,63,,,,,14594,63,,,,,14593.5,0.0
1,60800,ROSES,14597,52,,,,,14598,15,14599.0,37.0,,,14597.5,0.0
1,60900,ROSES,14594,62,,,,,14595,62,,,,,14594.5,0.0
1,61000,ROSES,14599,22,14598.0,49.0,,,14600,71,,,,,14599.5,0.0
1,61100,ROSES,14599,69,,,,,14600,69,,,,,14599.5,0.0
1,61200,ROSES,14593,66,,,,,14594,25,14595.0,41.0,,,14593.5,0.0
1,61300,ROSES,14595,57,,,,,14597,57,,,,,14596.0,0.0
1,61400,ROSES,14595,29,14594.0,39.0,,,14596,68,,,,,14595.5,0.0
1,61500,ROSES,14592,50,,,,,14593,50,,,,,14592.5,0.0
1,61600,ROSES,14591,62,,,,,14593,62,,,,,14592.0,0.0
1,61700,ROSES,14586,69,,,,,14587,69,,,,,14586.5,0.0
1,61800,ROSES,14588,24,14587.0,40.0,,,14589,64,,,,,14588.5,0.0
1,61900,ROSES,14587,53,,,,,14588,18,14589.0,35.0,,,14587.5,0.0
1,62000,ROSES,14587,15,14586.0,42.0,,,14588,57,,,,,14587.5,0.0
1,62100,ROSES,14591,22,14590.0,30.0,,,14592,52,,,,,14591.5,0.0
1,62200,ROSES,14591,55,,,,,14592,55,,,,,14591.5,0.0
1,62300,ROSES,14589,57,,,,,14590,16,14591.0,41.0,,,14589.5,0.0
1,62400,ROSES,14586,70,,,,,14588,70,,,,,14587.0,0.0
1,62500,ROSES,14586,73,,,,,14588,73,,,,,14587.0,0.0
1,62600,ROSES,14590,21,14589.0,44.0,,,14591,65,,,,,14590.5,0.0
1,62700,ROSES,14588,70,,,,,14589,24,14590.0,46.0,,,14588.5,0.0
1,62800,ROSES,14585,59,,,,,14586,17,14587.0,42.0,,,14585.5,0.0
1,62900,ROSES,14588,67,,,,,14589,67,,,,,14588.5,0.0
1,63000,ROSES,14588,68,,,,,14589,20,14590.0,48.0,,,14588.5,0.0
1,63100,ROSES,14588,66,,,,,14589,20,14590.0,46.0,,,14588.5,0.0
1,63200,ROSES,14594,56,,,,,14596,56,,,,,14595.0,0.0
1,63300,ROSES,14591,71,,,,,14592,71,,,,,14591.5,0.0
1,63400,ROSES,14592,25,14591.0,48.0,,,14593,73,,,,,14592.5,0.0
1,63500,ROSES,14587,30,14586.0,49.0,,,14588,79,,,,,14587.5,0.0
1,63600,ROSES,14586,74,,,,,14587,74,,,,,14586.5,0.0
1,63700,ROSES,14588,21,14587.0,37.0,,,14589,58,,,,,14588.5,0.0
1,63800,ROSES,14591,66,,,,,14592,66,,,,,14591.5,0.0
1,63900,ROSES,14587,62,,,,,14589,62,,,,,14588.0,0.0
1,64000,ROSES,14590,63,,,,,14591,63,,,,,14590.5,0.0
1,64100,ROSES,14592,51,,,,,14594,51,,,,,14593.0,0.0
1,64200,ROSES,14592,61,,,,,14593,20,14594.0,41.0,,,14592.5,0.0
1,64300,ROSES,14599,68,,,,,14600,25,14601.0,43.0,,,14599.5,0.0
1,64400,ROSES,14599,61,,,,,14601,61,,,,,14600.0,0.0
1,64500,ROSES,14597,63,,,,,14598,63,,,,,14597.5,0.0
1,64600,ROSES,14598,61,,,,,14599,18,14600.0,43.0,,,14598.5,0.0
1,64700,ROSES,14593,61,,,,,14594,61,,,,,14593.5,0.0
1,64800,ROSES,14597,66,,,,,14599,66,,,,,14598.0,0.0
1,64900,ROSES,14600,56,,,,,14602,56,,,,,14601.0,0.0
1,65000,ROSES,14599,65,,,,,14601,65,,,,,14600.0,0.0
1,65100,ROSES,14601,59,,,,,14603,59,,,,,14602.0,0.0
1,65200,ROSES,14603,69,,,,,14604,69,,,,,14603.5,0.0
1,65300,ROSES,14608,57,,,,,14610,57,,,,,14609.0,0.0
1,65400,ROSES,14607,70,,,,,14608,70,,,,,14607.5,0.0
1,65500,ROSES,14603,63,,,,,14605,63,,,,,14604.0,0.0
1,65600,ROSES,14598,29,14597.0,36.0,,,14599,65,,,,,14598.5,0.0
1,65700,ROSES,14597,66,,,,,14598,66,,,,,14597.5,0.0
1,65800,ROSES,14592,54,,,,,14594,54,,,,,14593.0,0.0
1,65900,ROSES,14592,56,,,,,14593,20,14594.0,36.0,,,14592.5,0.0
1,66000,ROSES,14593,57,,,,,14595,57,,,,,14594.0,0.0
1,66100,ROSES,14592,53,,,,,14594,53,,,,,14593.0,0.0
1,66200,ROSES,14590,28,14589.0,48.0,,,14591,76,,,,,14590.5,0.0
1,66300,ROSES,14593,59,,,,,14594,25,14595.0,34.0,,,14593.5,0.0
1,66400,ROSES,14593,29,14592.0,36.0,,,14594,65,,,,,14593.5,0.0
1,66500,ROSES,14593,56,,,,,14595,56,,,,,14594.0,0.0
1,66600,ROSES,14596,54,,,,,14598,54,,,,,14597.0,0.0
1,66700,ROSES,14593,15,14592.0,48.0,,,14594,63,,,,,14593.5,0.0
1,66800,ROSES,14590,47,,,,,14591,16,14592.0,31.0,,,14590.5,0.0
1,66900,ROSES,14597,62,,,,,14599,62,,,,,14598.0,0.0
1,67000,ROSES,14597,71,,,,,14598,71,,,,,14597.5,0.0
1,67100,ROSES,14594,54,,,,,14595,19,14596.0,35.0,,,14594.5,0.0
1,67200,ROSES,14593,72,,,,,14595,72,,,,,14594.0,0.0
1,67300,ROSES,14592,76,,,,,14593,66,,,,,14592.5,0.0
1,67400,ROSES,14589,21,14588.0,40.0,,,14590,61,,,,,14589.5,0.0
1,67500,ROSES,14588,24,14587.0,48.0,,,14589,72,,,,,14588.5,0.0
1,67600,ROSES,14588,18,14587.0,40.0,,,14589,58,,,,,14588.5,0.0
1,67700,ROSES,14588,23,14587.0,40.0,,,14589,63,,,,,14588.5,0.0
1,67800,ROSES,14589,65,,,,,14591,65,,,,,14590.0,0.0
1,67900,ROSES,14584,72,,,,,14586,72,,,,,14585.0,0.0
1,68000,ROSES,14580,57,,,,,14582,57,,,,,14581.0,0.0
1,68100,ROSES,14583,23,14582.0,47.0,,,14584,70,,,,,14583.5,0.0
1,68200,ROSES,14581,73,,,,,14583,73,,,,,14582.0,0.0
1,68300,ROSES,14585,55,,,,,14586,22,14587.0,33.0,,,14585.5,0.0
1,68400,ROSES,14586,63,,,,,14587,18,14588.0,45.0,,,14586.5,0.0
1,68500,ROSES,14582,48,,,,,14583,17,14584.0,31.0,,,14582.5,0.0
1,68600,ROSES,14584,57,,,,,14585,57,,,,,14584.5,0.0
1,68700,ROSES,14581,65,,,,,14582,65,,,,,14581.5,0.0
1,68800,ROSES,14582,54,,,,,14583,54,,,,,14582.5,0.0
1,68900,ROSES,14585,62,,,,,14587,62,,,,,14586.0,0.0
1,69000,ROSES,14591,48,,,,,14593,48,,,,,14592.0,0.0
1,69100,ROSES,14591,58,,,,,14593,58,,,,,14592.0,0.0
1,69200,ROSES,14593,58,,,,,14595,58,,,,,14594.0,0.0
1,69300,ROSES,14594,62,,,,,14596,62,,,,,14595.0,0.0
1,69400,ROSES,14597,61,,,,,14598,61,,,,,14597.5,0.0
1,69500,ROSES,14590,29,14589.0,34.0,,,14591,63,,,,,14590.5,0.0
1,69600,ROSES,14589,19,14588.0,43.0,,,14590,62,,,,,14589.5,0.0
1,69700,ROSES,14590,27,14589.0,35.0,,,14591,62,,,,,14590.5,0.0
1,69800,ROSES,14591,60,,,,,14592,19,14593.0,41.0,,,14591.5,0.0
1,69900,ROSES,14589,59,,,,,14590,59,,,,,14589.5,0.0
1,70000,ROSES,14591,76,,,,,14593,76,,,,,14592.0,0.0
1,70100,ROSES,14595,17,14594.0,40.0,,,14596,57,,,,,14595.5,0.0
1,70200,ROSES,14595,64,,,,,14596,64,,,,,14595.5,0.0
1,70300,ROSES,14594,70,,,,,14596,70,,,,,14595.0,0.0
1,70400,ROSES,14593,60,,,,,14595,60,,,,,14594.0,0.0
1,70500,ROSES,14594,72,,,,,14595,29,14596.0,43.0,,,14594.5,0.0
1,70600,ROSES,14597,63,,,,,14599,63,,,,,14598.0,0.0
1,70700,ROSES,14602,61,,,,,14603,61,,,,,14602.5,0.0
1,70800,ROSES,14601,17,14600.0,44.0,,,14602,61,,,,,14601.5,0.0
1,70900,ROSES,14598,53,,,,,14599,22,14600.0,31.0,,,14598.5,0.0
1,71000,ROSES,14596,49,,,,,14597,49,,,,,14596.5,0.0
1,71100,ROSES,14599,56,,,,,14600,56,,,,,14599.5,0.0
1,71200,ROSES,14600,24,14599.0,45.0,,,14601,69,,,,,14600.5,0.0
1,71300,ROSES,14600,71,,,,,14602,71,,,,,14601.0,0.0
1,71400,ROSES,14602,51,,,,,14603,51,,,,,14602.5,0.0
1,71500,ROSES,14603,64,,,,,14604,23,14605.0,41.0,,,14603.5,0.0
1,71600,ROSES,14603,59,,,,,14604,59,,,,,14603.5,0.0
1,71700,ROSES,14600,61,,,,,14601,21,14602.0,40.0,,,14600.5,0.0
1,71800,ROSES,14598,63,,,,,14600,63,,,,,14599.0,0.0
1,71900,ROSES,14599,64,,,,,14600,64,,,,,14599.5,0.0
1,72000,ROSES,14600,76,,,,,14601,27,14602.0,49.0,,,14600.5,0.0
1,72100,ROSES,14599,65,,,,,14600,17,14601.0,48.0,,,14599.5,0.0
1,72200,ROSES,14598,71,,,,,14599,26,14600.0,45.0,,,14598.5,0.0
1,72300,ROSES,14602,71,,,,,14603,24,14604.0,47.0,,,14602.5,0.0
1,72400,ROSES,14601,52,,,,,14602,52,,,,,14601.5,0.0
1,72500,ROSES,14602,21,14601.0,46.0,,,14603,67,,,,,14602.5,0.0
1,72600,ROSES,14601,65,,,,,14602,65,,,,,14601.5,0.0
1,72700,ROSES,14598,66,,,,,14600,66,,,,,14599.0,0.0
1,72800,ROSES,14594,49,,,,,14596,49,,,,,14595.0,0.0
1,72900,ROSES,14593,60,,,,,14594,60,,,,,14593.5,0.0
1,73000,ROSES,14591,25,14590.0,32.0,,,14592,57,,,,,14591.5,0.0
1,73100,ROSES,14593,52,,,,,14594,19,14595.0,33.0,,,14593.5,0.0
1,73200,ROSES,14590,48,,,,,14591,48,,,,,14590.5,0.0
1,73300,ROSES,14589,51,,,,,14590,51,,,,,14589.5,0.0
1,73400,ROSES,14591,69,,,,,14592,69,,,,,14591.5,0.0
1,73500,ROSES,14591,23,14590.0,44.0,,,14592,67,,,,,14591.5,0.0
1,73600,ROSES,14592,66,,,,,14593,18,14594.0,48.0,,,14592.5,0.0
1,73700,ROSES,14595,26,14594.0,36.0,,,14596,62,,,,,14595.5,0.0
1,73800,ROSES,14590,55,,,,,14591,16,14592.0,39.0,,,14590.5,0.0
1,73900,ROSES,14589,74,,,,,14590,74,,,,,14589.5,0.0
1,74000,ROSES,14586,73,,,,,14588,73,,,,,14587.0,0.0
1,74100,ROSES,14590,67,,,,,14592,67,,,,,14591.0,0.0
1,74200,ROSES,14590,51,,,,,14591,15,14592.0,36.0,,,14590.5,0.0
1,74300,ROSES,14592,20,14591.0,38.0,,,14593,58,,,,,14592.5,0.0
1,74400,ROSES,14596,65,,,,,14598,65,,,,,14597.0,0.0
1,74500,ROSES,14596,16,14595.0,46.0,,,14597,62,,,,,14596.5,0.0
1,74600,ROSES,14596,67,,,,,14597,67,,,,,14596.5,0.0
1,74700,ROSES,14597,77,,,,,14598,29,14599.0,48.0,,,14597.5,0.0
1,74800,ROSES,14596,74,,,,,14598,74,,,,,14597.0,0.0
1,74900,ROSES,14600,61,,,,,14601,24,14602.0,37.0,,,14600.5,0.0
1,75000,ROSES,14602,65,,,,,14603,3,14604.0,65.0,,,14602.5,0.0
1,75100,ROSES,14605,68,,,,,14607,68,,,,,14606.0,0.0
1,75200,ROSES,14606,23,14605.0,50.0,,,14607,73,,,,,14606.5,0.0
1,75300,ROSES,14605,48,,,,,14606,48,,,,,14605.5,0.0
1,75400,ROSES,14604,74,,,,,14605,74,,,,,14604.5,0.0
1,75500,ROSES,14603,60,,,,,14604,60,,,,,14603.5,0.0
1,75600,ROSES,14598,63,,,,,14600,63,,,,,14599.0,0.0
1,75700,ROSES,14600,27,14599.0,37.0,,,14601,64,,,,,14600.5,0.0
1,75800,ROSES,14602,60,,,,,14603,60,,,,,14602.5,0.0
1,75900,ROSES,14602,57,,,,,14603,20,14604.0,37.0,,,14602.5,0.0
1,76000,ROSES,14601,51,,,,,14602,51,,,,,14601.5,0.0
1,76100,ROSES,14601,69,,,,,14602,69,,,,,14601.5,0.0
1,76200,ROSES,14602,17,14601.0,37.0,,,14603,54,,,,,14602.5,0.0
1,76300,ROSES,14603,22,14602.0,30.0,,,14604,52,,,,,14603.5,0.0
1,76400,ROSES,14608,72,,,,,14609,72,,,,,14608.5,0.0
1,76500,ROSES,14606,25,14605.0,41.0,,,14607,66,,,,,14606.5,0.0
1,76600,ROSES,14607,23,14606.0,43.0,,,14608,66,,,,,14607.5,0.0
1,76700,ROSES,14609,24,14608.0,47.0,,,14610,71,,,,,14609.5,0.0
1,76800,ROSES,14609,67,,,,,14610,24,14611.0,43.0,,,14609.5,0.0
1,76900,ROSES,14608,61,,,,,14610,61,,,,,14609.0,0.0
1,77000,ROSES,14606,26,14605.0,31.0,,,14607,57,,,,,14606.5,0.0
1,77100,ROSES,14604,54,,,,,14605,19,14606.0,35.0,,,14604.5,0.0
1,77200,ROSES,14606,67,,,,,14607,30,14608.0,37.0,,,14606.5,0.0
1,77300,ROSES,14610,56,,,,,14612,56,,,,,14611.0,0.0
1,77400,ROSES,14609,18,14608.0,39.0,,,14610,57,,,,,14609.5,0.0
1,77500,ROSES,14610,75,,,,,14611,26,14612.0,49.0,,,14610.5,0.0
1,77600,ROSES,14612,30,14611.0,48.0,,,14613,78,,,,,14612.5,0.0
1,77700,ROSES,14615,25,14614.0,30.0,,,14616,55,,,,,14615.5,0.0
1,77800,ROSES,14615,61,,,,,14617,61,,,,,14616.0,0.0
1,77900,ROSES,14617,15,14616.0,35.0,,,14618,50,,,,,14617.5,0.0
1,78000,ROSES,14619,74,,,,,14621,74,,,,,14620.0,0.0
1,78100,ROSES,14616,68,,,,,14617,18,14618.0,50.0,,,14616.5,0.0
1,78200,ROSES,14616,66,,,,,14618,66,,,,,14617.0,0.0
1,78300,ROSES,14611,53,,,,,14613,53,,,,,14612.0,0.0
1,78400,ROSES,14606,65,,,,,14607,18,14608.0,47.0,,,14606.5,0.0
1,78500,ROSES,14604,70,,,,,14605,70,,,,,14604.5,0.0
1,78600,ROSES,14600,23,14599.0,47.0,,,14601,70,,,,,14600.5,0.0
1,78700,ROSES,14601,57,,,,,14602,23,14603.0,34.0,,,14601.5,0.0
1,78800,ROSES,14604,56,,,,,14605,23,14606.0,33.0,,,14604.5,0.0
1,78900,ROSES,14603,68,,,,,14605,68,,,,,14604.0,0.0
1,79000,ROSES,14603,59,,,,,14604,59,,,,,14603.5,0.0
1,79100,ROSES,14602,59,,,,,14604,59,,,,,14603.0,0.0
1,79200,ROSES,14602,63,,,,,14603,63,,,,,14602.5,0.0
1,79300,ROSES,14602,61,,,,,14604,61,,,,,14603.0,0.0
1,79400,ROSES,14603,56,,,,,14605,56,,,,,14604.0,0.0
1,79500,ROSES,14602,66,,,,,14603,25,14604.0,41.0,,,14602.5,0.0
1,79600,ROSES,14600,66,,,,,14601,24,14602.0,42.0,,,14600.5,0.0
1,79700,ROSES,14599,20,14598.0,37.0,,,14600,63,,,,,14599.5,0.0
1,79800,ROSES,14601,59,,,,,14602,59,,,,,14601.5,0.0
1,79900,ROSES,14600,64,,,,,14601,64,,,,,14600.5,0.0
1,80000,ROSES,14604,62,,,,,14605,17,14606.0,45.0,,,14604.5,0.0
1,80100,ROSES,14603,66,,,,,14605,66,,,,,14604.0,0.0
1,80200,ROSES,14607,54,,,,,14609,54,,,,,14608.0,0.0
1,80300,ROSES,14604,72,,,,,14605,28,14606.0,44.0,,,14604.5,0.0
1,80400,ROSES,14602,60,,,,,14604,60,,,,,14603.0,0.0
1,80500,ROSES,14604,19,14603.0,32.0,,,14605,51,,,,,14604.5,0.0
1,80600,ROSES,14605,55,,,,,14606,22,14607.0,33.0,,,14605.5,0.0
1,80700,ROSES,14605,69,,,,,14606,69,,,,,14605.5,0.0
1,80800,ROSES,14611,16,14610.0,31.0,,,14612,47,,,,,14611.5,0.0
1,80900,ROSES,14611,59,,,,,14612,59,,,,,14611.5,0.0
1,81000,ROSES,14612,29,14611.0,45.0,,,14613,74,,,,,14612.5,0.0
1,81100,ROSES,14610,55,,,,,14611,22,14612.0,33.0,,,14610.5,0.0
1,81200,ROSES,14615,65,,,,,14616,65,,,,,14615.5,0.0
1,81300,ROSES,14617,71,,,,,14619,71,,,,,14618.0,0.0
1,81400,ROSES,14619,16,14618.0,40.0,,,14620,56,,,,,14619.5,0.0
1,81500,ROSES,14614,50,,,,,14615,15,14616.0,35.0,,,14614.5,0.0
1,81600,ROSES,14615,69,,,,,14617,69,,,,,14616.0,0.0
1,81700,ROSES,14614,62,,,,,14615,27,14616.0,35.0,,,14614.5,0.0
1,81800,ROSES,14615,59,,,,,14616,28,14617.0,31.0,,,14615.5,0.0
1,81900,ROSES,14618,63,,,,,14619,63,,,,,14618.5,0.0
1,82000,ROSES,14616,64,,,,,14617,64,,,,,14616.5,0.0
1,82100,ROSES,14617,26,14616.0,46.0,,,14618,72,,,,,14617.5,0.0
1,82200,ROSES,14619,60,,,,,14620,26,14621.0,34.0,,,14619.5,0.0
1,82300,ROSES,14620,26,14619.0,44.0,,,14621,70,,,,,14620.5,0.0
1,82400,ROSES,14619,59,,,,,14620,59,,,,,14619.5,0.0
1,82500,ROSES,14616,68,,,,,14617,68,,,,,14616.5,0.0
1,82600,ROSES,14614,64,,,,,14615,18,14616.0,46.0,,,14614.5,0.0
1,82700,ROSES,14611,21,14610.0,36.0,,,14612,57,,,,,14611.5,0.0
1,82800,ROSES,14613,53,,,,,14615,53,,,,,14614.0,0.0
1,82900,ROSES,14614,68,,,,,14615,68,,,,,14614.5,0.0
1,83000,ROSES,14611,29,14610.0,46.0,,,14612,75,,,,,14611.5,0.0
1,83100,ROSES,14611,30,14610.0,45.0,,,14612,75,,,,,14611.5,0.0
1,83200,ROSES,14607,63,,,,,14608,20,14609.0,43.0,,,14607.5,0.0
1,83300,ROSES,14598,67,,,,,14599,25,14600.0,42.0,,,14598.5,0.0
1,83400,ROSES,14602,30,14601.0,41.0,,,14603,71,,,,,14602.5,0.0
1,83500,ROSES,14605,52,,,,,14606,62,,,,,14605.5,0.0
1,83600,ROSES,14601,68,,,,,14602,68,,,,,14601.5,0.0
1,83700,ROSES,14599,72,,,,,14600,72,,,,,14599.5,0.0
1,83800,ROSES,14600,17,14599.0,47.0,,,14601,64,,,,,14600.5,0.0
1,83900,ROSES,14599,17,14598.0,38.0,,,14600,55,,,,,14599.5,0.0
1,84000,ROSES,14596,69,,,,,14598,69,,,,,14597.0,0.0
1,84100,ROSES,14595,75,,,,,14596,71,,,,,14595.5,0.0
1,84200,ROSES,14594,71,,,,,14596,71,,,,,14595.0,0.0
1,84300,ROSES,14593,61,,,,,14594,61,,,,,14593.5,0.0
1,84400,ROSES,14594,17,14593.0,43.0,,,14595,60,,,,,14594.5,0.0
1,84500,ROSES,14593,60,,,,,14594,27,14595.0,33.0,,,14593.5,0.0
1,84600,ROSES,14591,60,,,,,14592,60,,,,,14591.5,0.0
1,84700,ROSES,14591,49,,,,,14592,15,14593.0,34.0,,,14591.5,0.0
1,84800,ROSES,14587,18,14586.0,31.0,,,14588,49,,,,,14587.5,0.0
1,84900,ROSES,14591,25,14590.0,34.0,,,14592,59,,,,,14591.5,0.0
1,85000,ROSES,14586,64,,,,,14587,64,,,,,14586.5,0.0
1,85100,ROSES,14586,52,,,,,14587,52,,,,,14586.5,0.0
1,85200,ROSES,14587,61,,,,,14588,61,,,,,14587.5,0.0
1,85300,ROSES,14588,49,,,,,14589,19,14590.0,30.0,,,14588.5,0.0
1,85400,ROSES,14589,57,,,,,14590,57,,,,,14589.5,0.0
1,85500,ROSES,14592,60,,,,,14594,60,,,,,14593.0,0.0
1,85600,ROSES,14589,60,,,,,14591,60,,,,,14590.0,0.0
1,85700,ROSES,14589,56,,,,,14590,23,14591.0,33.0,,,14589.5,0.0
1,85800,ROSES,14590,27,14589.0,46.0,,,14591,73,,,,,14590.5,0.0
1,85900,ROSES,14588,65,,,,,14590,65,,,,,14589.0,0.0
1,86000,ROSES,14587,52,,,,,14588,52,,,,,14587.5,0.0
1,86100,ROSES,14590,71,,,,,14592,71,,,,,14591.0,0.0
1,86200,ROSES,14589,20,14588.0,41.0,,,14590,61,,,,,14589.5,0.0
1,86300,ROSES,14587,54,,,,,14589,54,,,,,14588.0,0.0
1,86400,ROSES,14587,25,14586.0,49.0,,,14588,74,,,,,14587.5,0.0
1,86500,ROSES,14586,53,,,,,14587,22,14588.0,31.0,,,14586.5,0.0
1,86600,ROSES,14587,24,14586.0,34.0,,,14588,58,,,,,14587.5,0.0
1,86700,ROSES,14586,63,,,,,14587,21,14588.0,42.0,,,14586.5,0.0
1,86800,ROSES,14587,78,,,,,14588,28,14589.0,50.0,,,14587.5,0.0
1,86900,ROSES,14588,24,14587.0,47.0,,,14589,71,,,,,14588.5,0.0
1,87000,ROSES,14589,61,,,,,14590,61,,,,,14589.5,0.0
1,87100,ROSES,14593,53,,,,,14594,53,,,,,14593.5,0.0
1,87200,ROSES,14591,24,14590.0,44.0,,,14592,68,,,,,14591.5,0.0
1,87300,ROSES,14595,71,,,,,14596,25,14597.0,46.0,,,14595.5,0.0
1,87400,ROSES,14594,61,,,,,14595,61,,,,,14594.5,0.0
1,87500,ROSES,14596,57,,,,,14597,57,,,,,14596.5,0.0
1,87600,ROSES,14596,72,,,,,14598,72,,,,,14597.0,0.0
1,87700,ROSES,14596,26,14595.0,30.0,,,14597,56,,,,,14596.5,0.0
1,87800,ROSES,14590,56,,,,,14592,56,,,,,14591.0,0.0
1,87900,ROSES,14595,75,,,,,14596,75,,,,,14595.5,0.0
1,88000,ROSES,14593,70,,,,,14594,70,,,,,14593.5,0.0
1,88100,ROSES,14591,23,14590.0,34.0,,,14592,57,,,,,14591.5,0.0
1,88200,ROSES,14594,17,14593.0,41.0,,,14595,67,,,,,14594.5,0.0
1,88300,ROSES,14594,52,,,,,14595,52,,,,,14594.5,0.0
1,88400,ROSES,14599,75,,,,,14600,25,14601.0,50.0,,,14599.5,0.0
1,88500,ROSES,14604,66,,,,,14605,66,,,,,14604.5,0.0
1,88600,ROSES,14606,77,,,,,14607,77,,,,,14606.5,0.0
1,88700,ROSES,14607,29,14606.0,45.0,,,14608,74,,,,,14607.5,0.0
1,88800,ROSES,14609,59,,,,,14610,59,,,,,14609.5,0.0
1,88900,ROSES,14605,76,,,,,14606,28,14607.0,48.0,,,14605.5,0.0
1,89000,ROSES,14606,22,14605.0,39.0,,,14607,61,,,,,14606.5,0.0
1,89100,ROSES,14606,65,,,,,14607,23,14608.0,42.0,,,14606.5,0.0
1,89200,ROSES,14605,61,,,,,14606,61,,,,,14605.5,0.0
1,89300,ROSES,14606,30,14605.0,39.0,,,14607,69,,,,,14606.5,0.0
1,89400,ROSES,14602,26,14601.0,47.0,,,14603,73,,,,,14602.5,0.0
1,89500,ROSES,14604,69,,,,,14606,69,,,,,14605.0,0.0
1,89600,ROSES,14608,75,,,,,14609,75,,,,,14608.5,0.0
1,89700,ROSES,14604,56,,,,,14606,56,,,,,14605.0,0.0
1,89800,ROSES,14605,63,,,,,14606,63,,,,,14605.5,0.0
1,89900,ROSES,14609,55,,,,,14610,22,14611.0,33.0,,,14609.5,0.0
1,90000,ROSES,14610,51,,,,,14612,51,,,,,14611.0,0.0
1,90100,ROSES,14608,29,14607.0,49.0,,,14609,78,,,,,14608.5,0.0
1,90200,ROSES,14605,63,,,,,14606,63,,,,,14605.5,0.0
1,90300,ROSES,14607,61,,,,,14609,61,,,,,14608.0,0.0
1,90400,ROSES,14612,54,,,,,14614,54,,,,,14613.0,0.0
1,90500,ROSES,14609,73,,,,,14611,73,,,,,14610.0,0.0
1,90600,ROSES,14610,20,14609.0,45.0,,,14611,65,,,,,14610.5,0.0
1,90700,ROSES,14607,63,,,,,14609,63,,,,,14608.0,0.0
1,90800,ROSES,14607,30,14606.0,47.0,,,14608,77,,,,,14607.5,0.0
1,90900,ROSES,14608,16,14607.0,46.0,,,14609,62,,,,,14608.5,0.0
1,91000,ROSES,14608,28,14607.0,38.0,,,14609,66,,,,,14608.5,0.0
1,91100,ROSES,14606,30,14605.0,40.0,,,14607,70,,,,,14606.5,0.0
1,91200,ROSES,14612,27,14611.0,35.0,,,14613,62,,,,,14612.5,0.0
1,91300,ROSES,14611,78,,,,,14612,30,14613.0,48.0,,,14611.5,0.0
1,91400,ROSES,14611,20,14610.0,31.0,,,14612,51,,,,,14611.5,0.0
1,91500,ROSES,14614,68,,,,,14615,68,,,,,14614.5,0.0
1,91600,ROSES,14614,68,,,,,14615,68,,,,,14614.5,0.0
1,91700,ROSES,14613,58,,,,,14615,58,,,,,14614.0,0.0
1,91800,ROSES,14616,67,,,,,14617,17,14618.0,50.0,,,14616.5,0.0
1,91900,ROSES,14613,73,,,,,14614,30,14615.0,43.0,,,14613.5,0.0
1,92000,ROSES,14615,56,,,,,14617,56,,,,,14616.0,0.0
1,92100,ROSES,14618,62,,,,,14619,28,14620.0,34.0,,,14618.5,0.0
1,92200,ROSES,14620,66,,,,,14621,25,14622.0,41.0,,,14620.5,0.0
1,92300,ROSES,14620,29,14619.0,45.0,,,14621,74,,,,,14620.5,0.0
1,92400,ROSES,14620,20,14619.0,36.0,,,14621,56,,,,,14620.5,0.0
1,92500,ROSES,14615,64,,,,,14616,64,,,,,14615.5,0.0
1,92600,ROSES,14615,21,14614.0,45.0,,,14616,66,,,,,14615.5,0.0
1,92700,ROSES,14615,63,,,,,14617,63,,,,,14616.0,0.0
1,92800,ROSES,14618,64,,,,,14619,70,,,,,14618.5,0.0
1,92900,ROSES,14618,68,,,,,14620,68,,,,,14619.0,0.0
1,93000,ROSES,14617,55,,,,,14619,55,,,,,14618.0,0.0
1,93100,ROSES,14615,73,,,,,14616,25,14617.0,48.0,,,14615.5,0.0
1,93200,ROSES,14615,57,,,,,14616,57,,,,,14615.5,0.0
1,93300,ROSES,14615,49,,,,,14617,49,,,,,14616.0,0.0
1,93400,ROSES,14619,68,,,,,14620,68,,,,,14619.5,0.0
1,93500,ROSES,14619,70,,,,,14620,70,,,,,14619.5,0.0
1,93600,ROSES,14617,49,,,,,14619,49,,,,,14618.0,0.0
1,93700,ROSES,14617,73,,,,,14619,73,,,,,14618.0,0.0
1,93800,ROSES,14616,58,,,,,14617,58,,,,,14616.5,0.0
1,93900,ROSES,14615,62,,,,,14617,62,,,,,14616.0,0.0
1,94000,ROSES,14609,52,,,,,14611,52,,,,,14610.0,0.0
1,94100,ROSES,14605,65,,,,,14606,22,14607.0,43.0,,,14605.5,0.0
1,94200,ROSES,14602,64,,,,,14603,64,,,,,14602.5,0.0
1,94300,ROSES,14603,75,,,,,14604,30,14605.0,45.0,,,14603.5,0.0
1,94400,ROSES,14603,58,,,,,14604,58,,,,,14603.5,0.0
1,94500,ROSES,14603,60,,,,,14605,60,,,,,14604.0,0.0
1,94600,ROSES,14607,20,14606.0,35.0,,,14608,55,,,,,14607.5,0.0
1,94700,ROSES,14604,69,,,,,14605,69,,,,,14604.5,0.0
1,94800,ROSES,14607,61,,,,,14608,61,,,,,14607.5,0.0
1,94900,ROSES,14608,57,,,,,14609,21,14610.0,36.0,,,14608.5,0.0
1,95000,ROSES,14606,68,,,,,14607,27,14608.0,41.0,,,14606.5,0.0
1,95100,ROSES,14610,59,,,,,14612,59,,,,,14611.0,0.0
1,95200,ROSES,14606,65,,,,,14608,65,,,,,14607.0,0.0
1,95300,ROSES,14603,76,,,,,14605,76,,,,,14604.0,0.0
1,95400,ROSES,14603,75,,,,,14604,75,,,,,14603.5,0.0
1,95500,ROSES,14604,67,,,,,14605,67,,,,,14604.5,0.0
1,95600,ROSES,14603,65,,,,,14605,65,,,,,14604.0,0.0
1,95700,ROSES,14598,27,14597.0,37.0,,,14599,64,,,,,14598.5,0.0
1,95800,ROSES,14597,60,,,,,14598,60,,,,,14597.5,0.0
1,95900,ROSES,14597,28,14596.0,48.0,,,14598,76,,,,,14597.5,0.0
1,96000,ROSES,14604,23,14603.0,42.0,,,14605,65,,,,,14604.5,0.0
1,96100,ROSES,14607,60,,,,,14609,60,,,,,14608.0,0.0
1,96200,ROSES,14608,67,,,,,14609,67,,,,,14608.5,0.0
1,96300,ROSES,14605,62,,,,,14606,62,,,,,14605.5,0.0
1,96400,ROSES,14606,64,,,,,14607,64,,,,,14606.5,0.0
1,96500,ROSES,14603,71,,,,,14604,71,,,,,14603.5,0.0
1,96600,ROSES,14603,78,,,,,14605,78,,,,,14604.0,0.0
1,96700,ROSES,14604,58,,,,,14606,58,,,,,14605.0,0.0
1,96800,ROSES,14603,64,,,,,14605,64,,,,,14604.0,0.0
1,96900,ROSES,14604,52,,,,,14605,16,14606.0,36.0,,,14604.5,0.0
1,97000,ROSES,14603,63,,,,,14604,22,14605.0,41.0,,,14603.5,0.0
1,97100,ROSES,14602,20,14601.0,44.0,,,14603,64,,,,,14602.5,0.0
1,97200,ROSES,14606,66,,,,,14607,66,,,,,14606.5,0.0
1,97300,ROSES,14607,61,,,,,14609,61,,,,,14608.0,0.0
1,97400,ROSES,14607,24,14606.0,42.0,,,14608,66,,,,,14607.5,0.0
1,97500,ROSES,14605,20,14604.0,43.0,,,14606,63,,,,,14605.5,0.0
1,97600,ROSES,14605,60,,,,,14606,30,14607.0,30.0,,,14605.5,0.0
1,97700,ROSES,14607,18,14606.0,35.0,,,14608,53,,,,,14607.5,0.0
1,97800,ROSES,14609,63,,,,,14610,19,14611.0,44.0,,,14609.5,0.0
1,97900,ROSES,14613,51,,,,,14614,16,14615.0,35.0,,,14613.5,0.0
1,98000,ROSES,14614,75,,,,,14616,75,,,,,14615.0,0.0
1,98100,ROSES,14611,59,,,,,14613,59,,,,,14612.0,0.0
1,98200,ROSES,14617,48,,,,,14618,48,,,,,14617.5,0.0
1,98300,ROSES,14620,59,,,,,14621,23,14622.0,36.0,,,14620.5,0.0
1,98400,ROSES,14622,73,,,,,14624,73,,,,,14623.0,0.0
1,98500,ROSES,14626,60,,,,,14627,25,14628.0,35.0,,,14626.5,0.0
1,98600,ROSES,14622,73,,,,,14623,26,14624.0,47.0,,,14622.5,0.0
1,98700,ROSES,14621,58,,,,,14622,26,14623.0,32.0,,,14621.5,0.0
1,98800,ROSES,14620,65,,,,,14621,65,,,,,14620.5,0.0
1,98900,ROSES,14623,69,,,,,14624,22,14625.0,47.0,,,14623.5,0.0
1,99000,ROSES,14620,75,,,,,14621,65,,,,,14620.5,0.0
1,99100,ROSES,14619,61,,,,,14620,23,14621.0,38.0,,,14619.5,0.0
1,99200,ROSES,14623,64,,,,,14624,22,14625.0,42.0,,,14623.5,0.0
1,99300,ROSES,14625,67,,,,,14626,67,,,,,14625.5,0.0
1,99400,ROSES,14624,74,,,,,14625,74,,,,,14624.5,0.0
1,99500,ROSES,14629,53,,,,,14630,23,14631.0,30.0,,,14629.5,0.0
1,99600,ROSES,14625,57,,,,,14626,7,14627.0,57.0,,,14625.5,0.0
1,99700,ROSES,14627,76,,,,,14628,76,,,,,14627.5,0.0
1,99800,ROSES,14626,70,,,,,14627,24,14628.0,46.0,,,14626.5,0.0
1,99900,ROSES,14628,25,14627.0,50.0,,,14629,75,,,,,14628.5,0.0
1,100000,ROSES,14627,76,,,,,14628,76,,,,,14627.5,0.0
1,100100,ROSES,14625,19,14624.0,37.0,,,14626,56,,,,,14625.5,0.0
1,100200,ROSES,14625,65,,,,,14627,65,,,,,14626.0,0.0
1,100300,ROSES,14622,30,14621.0,35.0,,,14623,65,,,,,14622.5,0.0
1,100400,ROSES,14623,52,,,,,14624,16,14625.0,36.0,,,14623.5,0.0
1,100500,ROSES,14622,63,,,,,14624,63,,,,,14623.0,0.0
1,100600,ROSES,14625,57,,,,,14626,57,,,,,14625.5,0.0
1,100700,ROSES,14624,23,14623.0,46.0,,,14625,69,,,,,14624.5,0.0
1,100800,ROSES,14622,78,,,,,14623,78,,,,,14622.5,0.0
1,100900,ROSES,14623,61,,,,,14624,61,,,,,14623.5,0.0
1,101000,ROSES,14626,60,,,,,14628,60,,,,,14627.0,0.0
1,101100,ROSES,14621,28,14620.0,33.0,,,14622,61,,,,,14621.5,0.0
1,101200,ROSES,14621,58,,,,,14622,21,14623.0,37.0,,,14621.5,0.0
1,101300,ROSES,14623,48,,,,,14624,48,,,,,14623.5,0.0
1,101400,ROSES,14619,69,,,,,14620,69,,,,,14619.5,0.0
1,101500,ROSES,14617,15,14616.0,31.0,,,14618,46,,,,,14617.5,0.0
1,101600,ROSES,14618,58,,,,,14620,58,,,,,14619.0,0.0
1,101700,ROSES,14616,61,,,,,14617,23,14618.0,38.0,,,14616.5,0.0
1,101800,ROSES,14614,68,,,,,14616,68,,,,,14615.0,0.0
1,101900,ROSES,14619,48,,,,,14620,17,14621.0,31.0,,,14619.5,0.0
1,102000,ROSES,14617,17,14616.0,40.0,,,14618,57,,,,,14617.5,0.0
1,102100,ROSES,14614,62,,,,,14615,20,14616.0,42.0,,,14614.5,0.0
1,102200,ROSES,14608,57,,,,,14609,57,,,,,14608.5,0.0
1,102300,ROSES,14605,66,,,,,14606,66,,,,,14605.5,0.0
1,102400,ROSES,14602,15,14601.0,38.0,,,14603,53,,,,,14602.5,0.0
1,102500,ROSES,14606,63,,,,,14608,63,,,,,14607.0,0.0
1,102600,ROSES,14610,28,14609.0,43.0,,,14611,71,,,,,14610.5,0.0
1,102700,ROSES,14606,61,,,,,14608,61,,,,,14607.0,0.0
1,102800,ROSES,14612,22,14611.0,48.0,,,14613,70,,,,,14612.5,0.0
1,102900,ROSES,14614,23,14613.0,37.0,,,14615,60,,,,,14614.5,0.0
1,103000,ROSES,14613,58,,,,,14615,58,,,,,14614.0,0.0
1,103100,ROSES,14615,62,,,,,14616,8,14617.0,62.0,,,14615.5,0.0
1,103200,ROSES,14617,20,14616.0,30.0,,,14618,50,,,,,14617.5,0.0
1,103300,ROSES,14614,72,,,,,14616,72,,,,,14615.0,0.0
1,103400,ROSES,14610,27,14609.0,42.0,,,14611,69,,,,,14610.5,0.0
1,103500,ROSES,14607,51,,,,,14608,21,14609.0,30.0,,,14607.5,0.0
1,103600,ROSES,14607,73,,,,,14608,25,14609.0,48.0,,,14607.5,0.0
1,103700,ROSES,14606,50,,,,,14608,50,,,,,14607.0,0.0
1,103800,ROSES,14604,72,,,,,14606,72,,,,,14605.0,0.0
1,103900,ROSES,14607,55,,,,,14608,55,,,,,14607.5,0.0
1,104000,ROSES,14604,64,,,,,14605,26,14606.0,38.0,,,14604.5,0.0
1,104100,ROSES,14606,66,,,,,14608,66,,,,,14607.0,0.0
1,104200,ROSES,14605,75,,,,,14606,29,14607.0,46.0,,,14605.5,0.0
1,104300,ROSES,14605,68,,,,,14607,68,,,,,14606.0,0.0
1,104400,ROSES,14602,66,,,,,14604,66,,,,,14603.0,0.0
1,104500,ROSES,14602,72,,,,,14604,72,,,,,14603.0,0.0
1,104600,ROSES,14600,50,,,,,14602,61,,,,,14601.0,0.0
1,104700,ROSES,14596,15,14595.0,50.0,,,14597,65,,,,,14596.5,0.0
1,104800,ROSES,14596,20,14595.0,47.0,,,14597,67,,,,,14596.5,0.0
1,104900,ROSES,14595,49,,,,,14597,49,,,,,14596.0,0.0
1,105000,ROSES,14598,30,14597.0,32.0,,,14599,62,,,,,14598.5,0.0
1,105100,ROSES,14598,63,,,,,14600,63,,,,,14599.0,0.0
1,105200,ROSES,14596,55,,,,,14597,55,,,,,14596.5,0.0
1,105300,ROSES,14594,60,,,,,14595,29,14596.0,31.0,,,14594.5,0.0
1,105400,ROSES,14587,67,,,,,14589,67,,,,,14588.0,0.0
1,105500,ROSES,14584,61,,,,,14586,61,,,,,14585.0,0.0
1,105600,ROSES,14588,71,,,,,14589,71,,,,,14588.5,0.0
1,105700,ROSES,14592,62,,,,,14593,62,,,,,14592.5,0.0
1,105800,ROSES,14594,61,,,,,14595,15,14596.0,46.0,,,14594.5,0.0
1,105900,ROSES,14595,56,,,,,14596,56,,,,,14595.5,0.0
1,106000,ROSES,14596,74,,,,,14598,74,,,,,14597.0,0.0
1,106100,ROSES,14598,61,,,,,14599,61,,,,,14598.5,0.0
1,106200,ROSES,14593,64,,,,,14594,28,14595.0,36.0,,,14593.5,0.0
1,106300,ROSES,14591,76,,,,,14592,76,,,,,14591.5,0.0
1,106400,ROSES,14594,68,,,,,14595,68,,,,,14594.5,0.0
1,106500,ROSES,14597,53,,,,,14598,21,14599.0,32.0,,,14597.5,0.0
1,106600,ROSES,14598,67,,,,,14599,67,,,,,14598.5,0.0
1,106700,ROSES,14597,62,,,,,14598,16,14599.0,46.0,,,14597.5,0.0
1,106800,ROSES,14596,66,,,,,14597,66,,,,,14596.5,0.0
1,106900,ROSES,14594,62,,,,,14596,62,,,,,14595.0,0.0
1,107000,ROSES,14592,62,,,,,14593,62,,,,,14592.5,0.0
1,107100,ROSES,14587,59,,,,,14588,59,,,,,14587.5,0.0
1,107200,ROSES,14587,59,,,,,14588,29,14589.0,30.0,,,14587.5,0.0
1,107300,ROSES,14586,70,,,,,14587,70,,,,,14586.5,0.0
1,107400,ROSES,14585,72,,,,,14587,72,,,,,14586.0,0.0
1,107500,ROSES,14590,67,,,,,14591,25,14592.0,42.0,,,14590.5,0.0
1,107600,ROSES,14592,15,14591.0,35.0,,,14593,50,,,,,14592.5,0.0
1,107700,ROSES,14590,17,14589.0,38.0,,,14591,55,,,,,14590.5,0.0
1,107800,ROSES,14591,69,,,,,14593,69,,,,,14592.0,0.0
1,107900,ROSES,14587,71,,,,,14589,61,,,,,14588.0,0.0
1,108000,ROSES,14590,64,,,,,14591,29,14592.0,35.0,,,14590.5,0.0
1,108100,ROSES,14591,73,,,,,14592,73,,,,,14591.5,0.0
1,108200,ROSES,14590,61,,,,,14592,58,,,,,14591.0,0.0
1,108300,ROSES,14592,59,,,,,14593,59,,,,,14592.5,0.0
1,108400,ROSES,14596,54,,,,,14597,54,,,,,14596.5,0.0
1,108500,ROSES,14595,25,14594.0,34.0,,,14596,59,,,,,14595.5,0.0
1,108600,ROSES,14592,61,,,,,14593,61,,,,,14592.5,0.0
1,108700,ROSES,14598,19,14597.0,35.0,,,14599,54,,,,,14598.5,0.0
1,108800,ROSES,14598,16,14597.0,37.0,,,14599,53,,,,,14598.5,0.0
1,108900,ROSES,14602,51,,,,,14603,51,,,,,14602.5,0.0
1,109000,ROSES,14600,74,,,,,14601,74,,,,,14600.5,0.0
1,109100,ROSES,14601,53,,,,,14602,53,,,,,14601.5,0.0
1,109200,ROSES,14599,67,,,,,14600,21,14601.0,46.0,,,14599.5,0.0
1,109300,ROSES,14601,75,,,,,14602,75,,,,,14601.5,0.0
1,109400,ROSES,14600,64,,,,,14601,22,14602.0,42.0,,,14600.5,0.0
1,109500,ROSES,14598,63,,,,,14600,63,,,,,14599.0,0.0
1,109600,ROSES,14603,16,14602.0,31.0,,,14604,47,,,,,14603.5,0.0
1,109700,ROSES,14604,19,14603.0,42.0,,,14605,61,,,,,14604.5,0.0
1,109800,ROSES,14598,64,,,,,14599,64,,,,,14598.5,0.0
1,109900,ROSES,14597,54,,,,,14599,54,,,,,14598.0,0.0
1,110000,ROSES,14595,61,,,,,14596,61,,,,,14595.5,0.0
1,110100,ROSES,14592,27,14591.0,42.0,,,14593,69,,,,,14592.5,0.0
1,110200,ROSES,14590,55,,,,,14591,55,,,,,14590.5,0.0
1,110300,ROSES,14589,18,14588.0,50.0,,,14590,68,,,,,14589.5,0.0
1,110400,ROSES,14589,15,14588.0,39.0,,,14590,54,,,,,14589.5,0.0
1,110500,ROSES,14587,29,14586.0,44.0,,,14588,73,,,,,14587.5,0.0
1,110600,ROSES,14581,53,,,,,14583,53,,,,,14582.0,0.0
1,110700,ROSES,14580,68,,,,,14581,68,,,,,14580.5,0.0
1,110800,ROSES,14582,67,,,,,14584,67,,,,,14583.0,0.0
1,110900,ROSES,14579,19,14578.0,38.0,,,14580,57,,,,,14579.5,0.0
1,111000,ROSES,14580,68,,,,,14582,68,,,,,14581.0,0.0
1,111100,ROSES,14582,20,14581.0,46.0,,,14583,66,,,,,14582.5,0.0
1,111200,ROSES,14580,54,,,,,14582,54,,,,,14581.0,0.0
1,111300,ROSES,14581,75,,,,,14582,28,14583.0,47.0,,,14581.5,0.0
1,111400,ROSES,14579,59,,,,,14580,22,14581.0,37.0,,,14579.5,0.0
1,111500,ROSES,14578,59,,,,,14579,27,14580.0,32.0,,,14578.5,0.0
1,111600,ROSES,14575,72,,,,,14577,72,,,,,14576.0,0.0
1,111700,ROSES,14577,16,14576.0,47.0,,,14578,63,,,,,14577.5,0.0
1,111800,ROSES,14580,58,,,,,14582,58,,,,,14581.0,0.0
1,111900,ROSES,14578,60,,,,,14580,60,,,,,14579.0,0.0
1,112000,ROSES,14582,24,14581.0,38.0,,,14583,62,,,,,14582.5,0.0
1,112100,ROSES,14576,49,,,,,14577,49,,,,,14576.5,0.0
1,112200,ROSES,14573,63,,,,,14575,63,,,,,14574.0,0.0
1,112300,ROSES,14571,17,14570.0,30.0,,,14572,47,,,,,14571.5,0.0
1,112400,ROSES,14575,57,,,,,14577,57,,,,,14576.0,0.0
1,112500,ROSES,14574,55,,,,,14575,55,,,,,14574.5,0.0
1,112600,ROSES,14576,56,,,,,14577,56,,,,,14576.5,0.0
1,112700,ROSES,14570,70,,,,,14572,70,,,,,14571.0,0.0
1,112800,ROSES,14571,21,14570.0,49.0,,,14572,70,,,,,14571.5,0.0
1,112900,ROSES,14572,64,,,,,14573,15,14574.0,49.0,,,14572.5,0.0
1,113000,ROSES,14572,58,,,,,14573,58,,,,,14572.5,0.0
1,113100,ROSES,14565,20,14564.0,30.0,,,14566,50,,,,,14565.5,0.0
1,113200,ROSES,14565,71,,,,,14566,71,,,,,14565.5,0.0
1,113300,ROSES,14567,61,,,,,14568,18,14569.0,43.0,,,14567.5,0.0
1,113400,ROSES,14571,56,,,,,14572,56,,,,,14571.5,0.0
1,113500,ROSES,14572,73,,,,,14573,73,,,,,14572.5,0.0
1,113600,ROSES,14567,54,,,,,14569,54,,,,,14568.0,0.0
1,113700,ROSES,14567,27,14566.0,49.0,,,14568,76,,,,,14567.5,0.0
1,113800,ROSES,14569,70,,,,,14570,20,14571.0,50.0,,,14569.5,0.0
1,113900,ROSES,14567,52,,,,,14568,52,,,,,14567.5,0.0
1,114000,ROSES,14568,69,,,,,14570,69,,,,,14569.0,0.0
1,114100,ROSES,14567,52,,,,,14568,22,14569.0,30.0,,,14567.5,0.0
1,114200,ROSES,14567,82,,,,,14569,71,,,,,14568.0,0.0
1,114300,ROSES,14569,61,,,,,14571,61,,,,,14570.0,0.0
1,114400,ROSES,14567,67,,,,,14569,67,,,,,14568.0,0.0
1,114500,ROSES,14575,48,,,,,14577,48,,,,,14576.0,0.0
1,114600,ROSES,14576,65,,,,,14577,65,,,,,14576.5,0.0
1,114700,ROSES,14577,20,14576.0,47.0,,,14578,67,,,,,14577.5,0.0
1,114800,ROSES,14575,18,14574.0,43.0,,,14576,61,,,,,14575.5,0.0
1,114900,ROSES,14575,71,,,,,14576,71,,,,,14575.5,0.0
1,115000,ROSES,14574,60,,,,,14575,22,14576.0,38.0,,,14574.5,0.0
1,115100,ROSES,14570,69,,,,,14571,24,14572.0,45.0,,,14570.5,0.0
1,115200,ROSES,14566,63,,,,,14567,63,,,,,14566.5,0.0
1,115300,ROSES,14567,19,14566.0,48.0,,,14568,67,,,,,14567.5,0.0
1,115400,ROSES,14566,59,,,,,14568,59,,,,,14567.0,0.0
1,115500,ROSES,14559,54,,,,,14560,22,14561.0,32.0,,,14559.5,0.0
1,115600,ROSES,14553,49,,,,,14554,17,14555.0,32.0,,,14553.5,0.0
1,115700,ROSES,14552,60,,,,,14554,60,,,,,14553.0,0.0
1,115800,ROSES,14552,63,,,,,14553,18,14554.0,45.0,,,14552.5,0.0
1,115900,ROSES,14554,63,,,,,14555,63,,,,,14554.5,0.0
1,116000,ROSES,14550,79,,,,,14552,79,,,,,14551.0,0.0
1,116100,ROSES,14552,55,,,,,14553,55,,,,,14552.5,0.0
1,116200,ROSES,14551,50,,,,,14552,16,14553.0,34.0,,,14551.5,0.0
1,116300,ROSES,14550,74,,,,,14551,74,,,,,14550.5,0.0
1,116400,ROSES,14549,73,,,,,14551,73,,,,,14550.0,0.0
1,116500,ROSES,14552,53,,,,,14553,17,14554.0,36.0,,,14552.5,0.0
1,116600,ROSES,14554,24,14553.0,38.0,,,14555,62,,,,,14554.5,0.0
1,116700,ROSES,14556,74,,,,,14557,74,,,,,14556.5,0.0
1,116800,ROSES,14554,65,,,,,14555,29,14556.0,36.0,,,14554.5,0.0
1,116900,ROSES,14553,54,,,,,14555,54,,,,,14554.0,0.0
1,117000,ROSES,14550,69,,,,,14551,20,14552.0,49.0,,,14550.5,0.0
1,117100,ROSES,14549,21,14548.0,43.0,,,14550,64,,,,,14549.5,0.0
1,117200,ROSES,14547,59,,,,,14549,59,,,,,14548.0,0.0
1,117300,ROSES,14546,49,,,,,14547,18,14548.0,31.0,,,14546.5,0.0
1,117400,ROSES,14548,74,,,,,14549,26,14550.0,48.0,,,14548.5,0.0
1,117500,ROSES,14549,73,,,,,14551,73,,,,,14550.0,0.0
1,117600,ROSES,14551,69,,,,,14553,69,,,,,14552.0,0.0
1,117700,ROSES,14552,18,14551.0,47.0,,,14553,65,,,,,14552.5,0.0
1,117800,ROSES,14555,16,14554.0,36.0,,,14556,52,,,,,14555.5,0.0
1,117900,ROSES,14555,79,,,,,14556,79,,,,,14555.5,0.0
1,118000,ROSES,14558,28,14557.0,42.0,,,14559,70,,,,,14558.5,0.0
1,118100,ROSES,14559,61,,,,,14560,61,,,,,14559.5,0.0
1,118200,ROSES,14561,65,,,,,14562,65,,,,,14561.5,0.0
1,118300,ROSES,14561,63,,,,,14562,63,,,,,14561.5,0.0
1,118400,ROSES,14557,73,,,,,14559,73,,,,,14558.0,0.0
1,118500,ROSES,14553,52,,,,,14555,52,,,,,14554.0,0.0
1,118600,ROSES,14559,73,,,,,14560,73,,,,,14559.5,0.0
1,118700,ROSES,14560,69,,,,,14561,69,,,,,14560.5,0.0
1,118800,ROSES,14561,61,,,,,14562,22,14563.0,39.0,,,14561.5,0.0
1,118900,ROSES,14561,29,14560.0,30.0,,,14562,59,,,,,14561.5,0.0
1,119000,ROSES,14559,68,,,,,14561,68,,,,,14560.0,0.0
1,119100,ROSES,14567,62,,,,,14568,22,14569.0,40.0,,,14567.5,0.0
1,119200,ROSES,14564,69,,,,,14565,20,14566.0,49.0,,,14564.5,0.0
1,119300,ROSES,14564,51,,,,,14565,51,,,,,14564.5,0.0
1,119400,ROSES,14564,29,14563.0,48.0,,,14565,77,,,,,14564.5,0.0
1,119500,ROSES,14561,26,14560.0,48.0,,,14562,74,,,,,14561.5,0.0
1,119600,ROSES,14557,68,,,,,14558,24,14559.0,44.0,,,14557.5,0.0
1,119700,ROSES,14555,65,,,,,14556,15,14557.0,50.0,,,14555.5,0.0
1,119800,ROSES,14554,65,,,,,14555,19,14556.0,46.0,,,14554.5,0.0
1,119900,ROSES,14553,59,,,,,14554,59,,,,,14553.5,0.0
1,120000,ROSES,14555,76,,,,,14556,26,14557.0,50.0,,,14555.5,0.0
1,120100,ROSES,14552,69,,,,,14553,69,,,,,14552.5,0.0
1,120200,ROSES,14553,61,,,,,14554,61,,,,,14553.5,0.0
1,120300,ROSES,14557,66,,,,,14558,66,,,,,14557.5,0.0
1,120400,ROSES,14559,75,,,,,14561,75,,,,,14560.0,0.0
1,120500,ROSES,14556,61,,,,,14558,61,,,,,14557.0,0.0
1,120600,ROSES,14548,62,,,,,14549,18,14550.0,44.0,,,14548.5,0.0
1,120700,ROSES,14550,58,,,,,14552,58,,,,,14551.0,0.0
1,120800,ROSES,14552,54,,,,,14553,54,,,,,14552.5,0.0
1,120900,ROSES,14550,63,,,,,14551,21,14552.0,42.0,,,14550.5,0.0
1,121000,ROSES,14554,27,14553.0,36.0,,,14555,63,,,,,14554.5,0.0
1,121100,ROSES,14553,17,14552.0,30.0,,,14554,47,,,,,14553.5,0.0
1,121200,ROSES,14553,75,,,,,14554,75,,,,,14553.5,0.0
1,121300,ROSES,14550,55,,,,,14551,55,,,,,14550.5,0.0
1,121400,ROSES,14551,55,,,,,14552,55,,,,,14551.5,0.0
1,121500,ROSES,14550,19,14549.0,50.0,,,14551,69,,,,,14550.5,0.0
1,121600,ROSES,14548,66,,,,,14550,66,,,,,14549.0,0.0
1,121700,ROSES,14551,53,,,,,14552,19,14553.0,34.0,,,14551.5,0.0
1,121800,ROSES,14552,52,,,,,14553,52,,,,,14552.5,0.0
1,121900,ROSES,14548,16,14547.0,49.0,,,14549,65,,,,,14548.5,0.0
1,122000,ROSES,14550,27,14549.0,44.0,,,14551,71,,,,,14550.5,0.0
1,122100,ROSES,14552,62,,,,,14553,62,,,,,14552.5,0.0
1,122200,ROSES,14550,28,14549.0,34.0,,,14551,62,,,,,14550.5,0.0
1,122300,ROSES,14548,70,,,,,14550,70,,,,,14549.0,0.0
1,122400,ROSES,14549,29,14548.0,32.0,,,14550,61,,,,,14549.5,0.0
1,122500,ROSES,14548,72,,,,,14549,72,,,,,14548.5,0.0
1,122600,ROSES,14548,48,,,,,14549,15,14550.0,33.0,,,14548.5,0.0
1,122700,ROSES,14550,65,,,,,14551,65,,,,,14550.5,0.0
1,122800,ROSES,14549,16,14548.0,41.0,,,14550,57,,,,,14549.5,0.0
1,122900,ROSES,14554,67,,,,,14556,67,,,,,14555.0,0.0
1,123000,ROSES,14552,49,,,,,14554,49,,,,,14553.0,0.0
1,123100,ROSES,14551,57,,,,,14552,57,,,,,14551.5,0.0
1,123200,ROSES,14556,62,,,,,14558,62,,,,,14557.0,0.0
1,123300,ROSES,14563,70,,,,,14564,70,,,,,14563.5,0.0
1,123400,ROSES,14563,59,,,,,14564,59,,,,,14563.5,0.0
1,123500,ROSES,14562,77,,,,,14564,77,,,,,14563.0,0.0
1,123600,ROSES,14559,51,,,,,14561,51,,,,,14560.0,0.0
1,123700,ROSES,14563,20,14562.0,49.0,,,14564,69,,,,,14563.5,0.0
1,123800,ROSES,14563,69,,,,,14564,22,14565.0,47.0,,,14563.5,0.0
1,123900,ROSES,14561,26,14560.0,41.0,,,14562,67,,,,,14561.5,0.0
1,124000,ROSES,14562,67,,,,,14563,67,,,,,14562.5,0.0
1,124100,ROSES,14566,23,14565.0,30.0,,,14567,47,,,,,14566.5,0.0
1,124200,ROSES,14567,60,,,,,14569,60,,,,,14568.0,0.0
1,124300,ROSES,14574,20,14573.0,31.0,,,14575,51,,,,,14574.5,0.0
1,124400,ROSES,14577,23,14576.0,45.0,,,14578,68,,,,,14577.5,0.0
1,124500,ROSES,14578,61,,,,,14579,61,,,,,14578.5,0.0
1,124600,ROSES,14578,57,,,,,14579,57,,,,,14578.5,0.0
1,124700,ROSES,14579,58,,,,,14581,58,,,,,14580.0,0.0
1,124800,ROSES,14583,30,14582.0,41.0,,,14584,71,,,,,14583.5,0.0
1,124900,ROSES,14585,67,,,,,14586,17,14587.0,50.0,,,14585.5,0.0
1,125000,ROSES,14588,59,,,,,14589,59,,,,,14588.5,0.0
1,125100,ROSES,14588,54,,,,,14590,54,,,,,14589.0,0.0
1,125200,ROSES,14591,22,14590.0,37.0,,,14592,59,,,,,14591.5,0.0
1,125300,ROSES,14594,74,,,,,14595,74,,,,,14594.5,0.0
1,125400,ROSES,14593,67,,,,,14595,67,,,,,14594.0,0.0
1,125500,ROSES,14590,55,,,,,14591,55,,,,,14590.5,0.0
1,125600,ROSES,14595,19,14594.0,41.0,,,14596,60,,,,,14595.5,0.0
1,125700,ROSES,14596,73,,,,,14598,73,,,,,14597.0,0.0
1,125800,ROSES,14595,78,,,,,14596,30,14597.0,48.0,,,14595.5,0.0
1,125900,ROSES,14596,19,14595.0,46.0,,,14597,65,,,,,14596.5,0.0
1,126000,ROSES,14595,65,,,,,14596,65,,,,,14595.5,0.0
1,126100,ROSES,14590,62,,,,,14592,54,,,,,14591.0,0.0
1,126200,ROSES,14590,24,14589.0,44.0,,,14591,68,,,,,14590.5,0.0
1,126300,ROSES,14586,69,,,,,14587,69,,,,,14586.5,0.0
1,126400,ROSES,14586,52,,,,,14588,52,,,,,14587.0,0.0
1,126500,ROSES,14586,72,,,,,14587,23,14588.0,49.0,,,14586.5,0.0
1,126600,ROSES,14589,67,,,,,14590,28,14591.0,39.0,,,14589.5,0.0
1,126700,ROSES,14589,77,,,,,14590,77,,,,,14589.5,0.0
1,126800,ROSES,14590,67,,,,,14591,67,,,,,14590.5,0.0
1,126900,ROSES,14589,60,,,,,14590,60,,,,,14589.5,0.0
1,127000,ROSES,14588,65,,,,,14589,65,,,,,14588.5,0.0
1,127100,ROSES,14584,69,,,,,14585,30,14586.0,39.0,,,14584.5,0.0
1,127200,ROSES,14587,60,,,,,14588,60,,,,,14587.5,0.0
1,127300,ROSES,14587,58,,,,,14589,58,,,,,14588.0,0.0
1,127400,ROSES,14586,19,14585.0,39.0,,,14587,58,,,,,14586.5,0.0
1,127500,ROSES,14586,63,,,,,14587,16,14588.0,47.0,,,14586.5,0.0
1,127600,ROSES,14585,71,,,,,14586,24,14587.0,47.0,,,14585.5,0.0
1,127700,ROSES,14583,56,,,,,14584,18,14585.0,38.0,,,14583.5,0.0
1,127800,ROSES,14584,16,14583.0,47.0,,,14585,63,,,,,14584.5,0.0
1,127900,ROSES,14587,62,,,,,14588,20,14589.0,42.0,,,14587.5,0.0
1,128000,ROSES,14586,67,,,,,14588,67,,,,,14587.0,0.0
1,128100,ROSES,14582,50,,,,,14584,50,,,,,14583.0,0.0
1,128200,ROSES,14581,19,14580.0,30.0,,,14582,49,,,,,14581.5,0.0
1,128300,ROSES,14586,20,14585.0,44.0,,,14587,64,,,,,14586.5,0.0
1,128400,ROSES,14583,67,,,,,14585,67,,,,,14584.0,0.0
1,128500,ROSES,14587,30,14586.0,31.0,,,14588,61,,,,,14587.5,0.0
1,128600,ROSES,14586,58,,,,,14587,58,,,,,14586.5,0.0
1,128700,ROSES,14588,48,,,,,14589,48,,,,,14588.5,0.0
1,128800,ROSES,14588,29,14587.0,39.0,,,14589,68,,,,,14588.5,0.0
1,128900,ROSES,14583,64,,,,,14585,64,,,,,14584.0,0.0
1,129000,ROSES,14582,54,,,,,14583,18,14584.0,36.0,,,14582.5,0.0
1,129100,ROSES,14588,77,,,,,14589,77,,,,,14588.5,0.0
1,129200,ROSES,14588,29,14587.0,50.0,,,14589,79,,,,,14588.5,0.0
1,129300,ROSES,14589,67,,,,,14590,19,14591.0,48.0,,,14589.5,0.0
1,129400,ROSES,14588,39,,,,,14589,17,14590.0,30.0,,,14588.5,0.0
1,129500,ROSES,14588,77,,,,,14589,77,,,,,14588.5,0.0
1,129600,ROSES,14589,22,14588.0,39.0,,,14590,61,,,,,14589.5,0.0
1,129700,ROSES,14590,71,,,,,14591,30,14592.0,41.0,,,14590.5,0.0
1,129800,ROSES,14596,70,,,,,14597,23,14598.0,47.0,,,14596.5,0.0
1,129900,ROSES,14596,58,,,,,14597,28,14598.0,30.0,,,14596.5,0.0
1,130000,ROSES,14596,21,14595.0,47.0,,,14597,68,,,,,14596.5,0.0
1,130100,ROSES,14594,27,14593.0,40.0,,,14595,67,,,,,14594.5,0.0
1,130200,ROSES,14590,63,,,,,14591,18,14592.0,45.0,,,14590.5,0.0
1,130300,ROSES,14586,26,14585.0,42.0,,,14587,68,,,,,14586.5,0.0
1,130400,ROSES,14587,59,,,,,14589,59,,,,,14588.0,0.0
1,130500,ROSES,14582,60,,,,,14584,60,,,,,14583.0,0.0
1,130600,ROSES,14586,66,,,,,14587,16,14588.0,50.0,,,14586.5,0.0
1,130700,ROSES,14589,29,14588.0,32.0,,,14590,61,,,,,14589.5,0.0
1,130800,ROSES,14588,61,,,,,14589,61,,,,,14588.5,0.0
1,130900,ROSES,14585,20,14584.0,35.0,,,14586,55,,,,,14585.5,0.0
1,131000,ROSES,14585,17,14584.0,43.0,,,14586,60,,,,,14585.5,0.0
1,131100,ROSES,14585,23,14584.0,46.0,,,14586,69,,,,,14585.5,0.0
1,131200,ROSES,14588,67,,,,,14589,67,,,,,14588.5,0.0
1,131300,ROSES,14586,17,14585.0,45.0,,,14587,62,,,,,14586.5,0.0
1,131400,ROSES,14585,29,14584.0,37.0,,,14586,66,,,,,14585.5,0.0
1,131500,ROSES,14585,21,14584.0,38.0,,,14586,59,,,,,14585.5,0.0
1,131600,ROSES,14584,53,,,,,14585,53,,,,,14584.5,0.0
1,131700,ROSES,14582,79,,,,,14583,29,14584.0,50.0,,,14582.5,0.0
1,131800,ROSES,14577,55,,,,,14579,55,,,,,14578.0,0.0
1,131900,ROSES,14573,64,,,,,14574,64,,,,,14573.5,0.0
1,132000,ROSES,14571,57,,,,,14572,57,,,,,14571.5,0.0
1,132100,ROSES,14570,78,,,,,14572,78,,,,,14571.0,0.0
1,132200,ROSES,14573,61,,,,,14574,18,14575.0,43.0,,,14573.5,0.0
1,132300,ROSES,14579,76,,,,,14581,76,,,,,14580.0,0.0
1,132400,ROSES,14584,67,,,,,14585,18,14586.0,41.0,,,14584.5,0.0
1,132500,ROSES,14585,72,,,,,14587,72,,,,,14586.0,0.0
1,132600,ROSES,14590,55,,,,,14592,55,,,,,14591.0,0.0
1,132700,ROSES,14590,47,,,,,14591,17,14592.0,30.0,,,14590.5,0.0
1,132800,ROSES,14589,28,14588.0,38.0,,,14590,66,,,,,14589.5,0.0
1,132900,ROSES,14595,59,,,,,14596,21,14597.0,38.0,,,14595.5,0.0
1,133000,ROSES,14592,73,,,,,14593,25,14594.0,48.0,,,14592.5,0.0
1,133100,ROSES,14591,53,,,,,14592,53,,,,,14591.5,0.0
1,133200,ROSES,14590,66,,,,,14591,26,14592.0,40.0,,,14590.5,0.0
1,133300,ROSES,14594,60,,,,,14595,29,14596.0,31.0,,,14594.5,0.0
1,133400,ROSES,14593,26,14592.0,35.0,,,14594,61,,,,,14593.5,0.0
1,133500,ROSES,14595,70,,,,,14596,70,,,,,14595.5,0.0
1,133600,ROSES,14594,18,14593.0,40.0,,,14595,58,,,,,14594.5,0.0
1,133700,ROSES,14590,48,,,,,14592,48,,,,,14591.0,0.0
1,133800,ROSES,14591,78,,,,,14592,78,,,,,14591.5,0.0
1,133900,ROSES,14591,62,,,,,14593,62,,,,,14592.0,0.0
1,134000,ROSES,14588,71,,,,,14589,27,14590.0,44.0,,,14588.5,0.0
1,134100,ROSES,14586,75,,,,,14587,75,,,,,14586.5,0.0
1,134200,ROSES,14584,15,14583.0,30.0,,,14585,45,,,,,14584.5,0.0
1,134300,ROSES,14586,61,,,,,14588,61,,,,,14587.0,0.0
1,134400,ROSES,14588,16,14587.0,37.0,,,14589,53,,,,,14588.5,0.0
1,134500,ROSES,14588,58,,,,,14589,19,14590.0,39.0,,,14588.5,0.0
1,134600,ROSES,14590,17,14589.0,30.0,,,14591,47,,,,,14590.5,0.0
1,134700,ROSES,14588,62,,,,,14590,62,,,,,14589.0,0.0
1,134800,ROSES,14590,22,14589.0,45.0,,,14591,67,,,,,14590.5,0.0
1,134900,ROSES,14588,68,,,,,14589,68,,,,,14588.5,0.0
1,135000,ROSES,14584,56,,,,,14585,15,14586.0,41.0,,,14584.5,0.0
1,135100,ROSES,14582,65,,,,,14584,65,,,,,14583.0,0.0
1,135200,ROSES,14583,61,,,,,14584,61,,,,,14583.5,0.0
1,135300,ROSES,14583,62,,,,,14584,28,14585.0,34.0,,,14583.5,0.0
1,135400,ROSES,14586,55,,,,,14587,23,14588.0,32.0,,,14586.5,0.0
1,135500,ROSES,14581,60,,,,,14583,60,,,,,14582.0,0.0
1,135600,ROSES,14581,64,,,,,14582,64,,,,,14581.5,0.0
1,135700,ROSES,14582,77,,,,,14583,77,,,,,14582.5,0.0
1,135800,ROSES,14579,60,,,,,14581,60,,,,,14580.0,0.0
1,135900,ROSES,14580,71,,,,,14581,71,,,,,14580.5,0.0
1,136000,ROSES,14579,58,,,,,14580,58,,,,,14579.5,0.0
1,136100,ROSES,14576,20,14575.0,45.0,,,14577,65,,,,,14576.5,0.0
1,136200,ROSES,14579,59,,,,,14580,64,,,,,14579.5,0.0
1,136300,ROSES,14575,55,,,,,14576,55,,,,,14575.5,0.0
1,136400,ROSES,14578,19,14577.0,50.0,,,14579,69,,,,,14578.5,0.0
1,136500,ROSES,14577,23,14576.0,39.0,,,14578,62,,,,,14577.5,0.0
1,136600,ROSES,14574,76,,,,,14575,29,14576.0,47.0,,,14574.5,0.0
1,136700,ROSES,14572,25,14571.0,40.0,,,14573,65,,,,,14572.5,0.0
1,136800,ROSES,14570,23,14569.0,48.0,,,14571,71,,,,,14570.5,0.0
1,136900,ROSES,14567,53,,,,,14569,53,,,,,14568.0,0.0
1,137000,ROSES,14568,67,,,,,14569,61,,,,,14568.5,0.0
1,137100,ROSES,14563,61,,,,,14564,61,,,,,14563.5,0.0
1,137200,ROSES,14566,76,,,,,14568,76,,,,,14567.0,0.0
1,137300,ROSES,14569,24,14568.0,47.0,,,14570,71,,,,,14569.5,0.0
1,137400,ROSES,14572,52,,,,,14574,52,,,,,14573.0,0.0
1,137500,ROSES,14570,26,14569.0,30.0,,,14571,56,,,,,14570.5,0.0
1,137600,ROSES,14563,63,,,,,14565,63,,,,,14564.0,0.0
1,137700,ROSES,14562,17,14561.0,41.0,,,14563,58,,,,,14562.5,0.0
1,137800,ROSES,14561,72,,,,,14562,24,14563.0,48.0,,,14561.5,0.0
1,137900,ROSES,14562,50,,,,,14563,17,14564.0,33.0,,,14562.5,0.0
1,138000,ROSES,14561,15,14560.0,31.0,,,14562,46,,,,,14561.5,0.0
1,138100,ROSES,14560,60,,,,,14562,60,,,,,14561.0,0.0
1,138200,ROSES,14561,54,,,,,14562,54,,,,,14561.5,0.0
1,138300,ROSES,14557,20,14556.0,36.0,,,14558,56,,,,,14557.5,0.0
1,138400,ROSES,14562,22,14561.0,49.0,,,14563,71,,,,,14562.5,0.0
1,138500,ROSES,14558,71,,,,,14560,71,,,,,14559.0,0.0
1,138600,ROSES,14559,60,,,,,14560,25,14561.0,35.0,,,14559.5,0.0
1,138700,ROSES,14562,69,,,,,14563,27,14564.0,42.0,,,14562.5,0.0
1,138800,ROSES,14560,47,,,,,14561,15,14562.0,32.0,,,14560.5,0.0
1,138900,ROSES,14560,52,,,,,14561,15,14562.0,37.0,,,14560.5,0.0
1,139000,ROSES,14565,23,14564.0,39.0,,,14566,62,,,,,14565.5,0.0
1,139100,ROSES,14564,47,,,,,14565,47,,,,,14564.5,0.0
1,139200,ROSES,14567,27,14566.0,50.0,,,14568,77,,,,,14567.5,0.0
1,139300,ROSES,14568,19,14567.0,31.0,,,14569,50,,,,,14568.5,0.0
1,139400,ROSES,14568,53,,,,,14569,17,14570.0,36.0,,,14568.5,0.0
1,139500,ROSES,14570,60,,,,,14571,18,14572.0,42.0,,,14570.5,0.0
1,139600,ROSES,14570,22,14569.0,42.0,,,14571,64,,,,,14570.5,0.0
1,139700,ROSES,14569,52,,,,,14570,18,14571.0,34.0,,,14569.5,0.0
1,139800,ROSES,14572,20,14571.0,50.0,,,14573,70,,,,,14572.5,0.0
1,139900,ROSES,14572,73,,,,,14574,73,,,,,14573.0,0.0
1,140000,ROSES,14574,65,,,,,14575,65,,,,,14574.5,0.0
1,140100,ROSES,14571,28,14570.0,34.0,,,14572,62,,,,,14571.5,0.0
1,140200,ROSES,14571,28,14570.0,40.0,,,14572,68,,,,,14571.5,0.0
1,140300,ROSES,14574,59,,,,,14575,59,,,,,14574.5,0.0
1,140400,ROSES,14576,66,,,,,14578,66,,,,,14577.0,0.0
1,140500,ROSES,14577,67,,,,,14579,67,,,,,14578.0,0.0
1,140600,ROSES,14576,72,,,,,14577,22,14578.0,50.0,,,14576.5,0.0
1,140700,ROSES,14574,74,,,,,14576,74,,,,,14575.0,0.0
1,140800,ROSES,14576,15,14575.0,45.0,,,14577,60,,,,,14576.5,0.0
1,140900,ROSES,14580,19,14579.0,40.0,,,14581,59,,,,,14580.5,0.0
1,141000,ROSES,14580,26,14579.0,42.0,,,14581,68,,,,,14580.5,0.0
1,141100,ROSES,14583,71,,,,,14585,71,,,,,14584.0,0.0
1,141200,ROSES,14583,23,14582.0,40.0,,,14584,63,,,,,14583.5,0.0
1,141300,ROSES,14586,62,,,,,14587,62,,,,,14586.5,0.0
1,141400,ROSES,14583,64,,,,,14584,24,14585.0,40.0,,,14583.5,0.0
1,141500,ROSES,14584,17,14583.0,49.0,,,14585,66,,,,,14584.5,0.0
1,141600,ROSES,14581,56,,,,,14582,56,,,,,14581.5,0.0
1,141700,ROSES,14583,27,14582.0,38.0,,,14584,65,,,,,14583.5,0.0
1,141800,ROSES,14584,49,,,,,14586,49,,,,,14585.0,0.0
1,141900,ROSES,14582,24,14581.0,39.0,,,14583,63,,,,,14582.5,0.0
1,142000,ROSES,14580,23,14579.0,33.0,,,14581,56,,,,,14580.5,0.0
1,142100,ROSES,14578,60,,,,,14580,60,,,,,14579.0,0.0
1,142200,ROSES,14574,70,,,,,14576,70,,,,,14575.0,0.0
1,142300,ROSES,14572,76,,,,,14573,76,,,,,14572.5,0.0
1,142400,ROSES,14570,19,14569.0,39.0,,,14571,58,,,,,14570.5,0.0
1,142500,ROSES,14572,26,14571.0,46.0,,,14573,72,,,,,14572.5,0.0
1,142600,ROSES,14576,23,14575.0,40.0,,,14577,63,,,,,14576.5,0.0
1,142700,ROSES,14574,72,,,,,14576,72,,,,,14575.0,0.0
1,142800,ROSES,14574,29,14573.0,36.0,,,14575,65,,,,,14574.5,0.0
1,142900,ROSES,14574,57,,,,,14575,22,14576.0,35.0,,,14574.5,0.0
1,143000,ROSES,14573,72,,,,,14574,72,,,,,14573.5,0.0
1,143100,ROSES,14572,59,,,,,14573,22,14574.0,37.0,,,14572.5,0.0
1,143200,ROSES,14574,54,,,,,14576,54,,,,,14575.0,0.0
1,143300,ROSES,14575,72,,,,,14576,29,14577.0,43.0,,,14575.5,0.0
1,143400,ROSES,14575,65,,,,,14576,65,,,,,14575.5,0.0
1,143500,ROSES,14573,61,,,,,14575,53,,,,,14574.0,0.0
1,143600,ROSES,14577,66,,,,,14579,66,,,,,14578.0,0.0
1,143700,ROSES,14576,72,,,,,14577,72,,,,,14576.5,0.0
1,143800,ROSES,14576,63,,,,,14577,15,14578.0,48.0,,,14576.5,0.0
1,143900,ROSES,14573,59,,,,,14575,59,,,,,14574.0,0.0
1,144000,ROSES,14572,22,14571.0,30.0,,,14573,52,,,,,14572.5,0.0
1,144100,ROSES,14572,56,,,,,14573,56,,,,,14572.5,0.0
1,144200,ROSES,14571,63,,,,,14572,63,,,,,14571.5,0.0
1,144300,ROSES,14572,57,,,,,14574,57,,,,,14573.0,0.0
1,144400,ROSES,14573,22,14572.0,40.0,,,14574,62,,,,,14573.5,0.0
1,144500,ROSES,14569,79,,,,,14570,79,,,,,14569.5,0.0
1,144600,ROSES,14563,24,14562.0,38.0,,,14564,62,,,,,14563.5,0.0
1,144700,ROSES,14565,76,,,,,14567,76,,,,,14566.0,0.0
1,144800,ROSES,14564,74,,,,,14565,74,,,,,14564.5,0.0
1,144900,ROSES,14568,64,,,,,14569,64,,,,,14568.5,0.0
1,145000,ROSES,14568,57,,,,,14569,57,,,,,14568.5,0.0
1,145100,ROSES,14566,83,,,,,14567,75,,,,,14566.5,0.0
1,145200,ROSES,14567,66,,,,,14569,66,,,,,14568.0,0.0
1,145300,ROSES,14567,28,14566.0,37.0,,,14568,65,,,,,14567.5,0.0
1,145400,ROSES,14567,65,,,,,14568,65,,,,,14567.5,0.0
1,145500,ROSES,14564,67,,,,,14566,67,,,,,14565.0,0.0
1,145600,ROSES,14566,53,,,,,14567,19,14568.0,34.0,,,14566.5,0.0
1,145700,ROSES,14569,64,,,,,14570,18,14571.0,46.0,,,14569.5,0.0
1,145800,ROSES,14568,21,14567.0,38.0,,,14569,59,,,,,14568.5,0.0
1,145900,ROSES,14573,28,14572.0,39.0,,,14574,67,,,,,14573.5,0.0
1,146000,ROSES,14571,63,,,,,14572,15,14573.0,48.0,,,14571.5,0.0
1,146100,ROSES,14572,72,,,,,14573,72,,,,,14572.5,0.0
1,146200,ROSES,14567,67,,,,,14569,67,,,,,14568.0,0.0
1,146300,ROSES,14562,52,,,,,14563,15,14564.0,37.0,,,14562.5,0.0
1,146400,ROSES,14568,63,,,,,14569,63,,,,,14568.5,0.0
1,146500,ROSES,14572,47,,,,,14573,47,,,,,14572.5,0.0
1,146600,ROSES,14575,64,,,,,14576,64,,,,,14575.5,0.0
1,146700,ROSES,14570,77,,,,,14572,77,,,,,14571.0,0.0
1,146800,ROSES,14571,59,,,,,14572,59,,,,,14571.5,0.0
1,146900,ROSES,14572,66,,,,,14573,26,14574.0,40.0,,,14572.5,0.0
1,147000,ROSES,14572,67,,,,,14574,67,,,,,14573.0,0.0
1,147100,ROSES,14573,80,,,,,14575,80,,,,,14574.0,0.0
1,147200,ROSES,14571,23,14570.0,47.0,,,14572,70,,,,,14571.5,0.0
1,147300,ROSES,14570,67,,,,,14572,67,,,,,14571.0,0.0
1,147400,ROSES,14567,64,,,,,14568,30,14569.0,34.0,,,14567.5,0.0
1,147500,ROSES,14566,71,,,,,14568,71,,,,,14567.0,0.0
1,147600,ROSES,14567,63,,,,,14569,63,,,,,14568.0,0.0
1,147700,ROSES,14565,67,,,,,14566,23,14567.0,44.0,,,14565.5,0.0
1,147800,ROSES,14564,61,,,,,14566,61,,,,,14565.0,0.0
1,147900,ROSES,14563,71,,,,,14565,71,,,,,14564.0,0.0
1,148000,ROSES,14563,52,,,,,14565,52,,,,,14564.0,0.0
1,148100,ROSES,14566,58,,,,,14567,58,,,,,14566.5,0.0
1,148200,ROSES,14567,28,14566.0,45.0,,,14568,73,,,,,14567.5,0.0
1,148300,ROSES,14568,14,14567.0,40.0,,,14569,65,,,,,14568.5,0.0
1,148400,ROSES,14564,50,,,,,14565,50,,,,,14564.5,0.0
1,148500,ROSES,14563,74,,,,,14564,74,,,,,14563.5,0.0
1,148600,ROSES,14565,74,,,,,14566,29,14567.0,45.0,,,14565.5,0.0
1,148700,ROSES,14563,19,14562.0,37.0,,,14564,56,,,,,14563.5,0.0
1,148800,ROSES,14562,16,14561.0,39.0,,,14563,55,,,,,14562.5,0.0
1,148900,ROSES,14559,58,,,,,14560,58,,,,,14559.5,0.0
1,149000,ROSES,14563,17,14562.0,49.0,,,14564,66,,,,,14563.5,0.0
1,149100,ROSES,14561,73,,,,,14563,73,,,,,14562.0,0.0
1,149200,ROSES,14559,71,,,,,14561,71,,,,,14560.0,0.0
1,149300,ROSES,14561,63,,,,,14562,26,14563.0,37.0,,,14561.5,0.0
1,149400,ROSES,14564,59,,,,,14565,17,14566.0,42.0,,,14564.5,0.0
1,149500,ROSES,14565,57,,,,,14567,57,,,,,14566.0,0.0
1,149600,ROSES,14568,60,,,,,14569,26,14570.0,34.0,,,14568.5,0.0
1,149700,ROSES,14569,76,,,,,14570,76,,,,,14569.5,0.0
1,149800,ROSES,14568,60,,,,,14570,60,,,,,14569.0,0.0
1,149900,ROSES,14567,68,,,,,14569,68,,,,,14568.0,0.0
1,150000,ROSES,14566,63,,,,,14567,58,,,,,14566.5,0.0
1,150100,ROSES,14564,61,,,,,14566,61,,,,,14565.0,0.0
1,150200,ROSES,14565,60,,,,,14567,60,,,,,14566.0,0.0
1,150300,ROSES,14565,51,,,,,14566,51,,,,,14565.5,0.0
1,150400,ROSES,14565,70,,,,,14567,70,,,,,14566.0,0.0
1,150500,ROSES,14567,54,,,,,14568,54,,,,,14567.5,0.0
1,150600,ROSES,14567,56,,,,,14568,56,,,,,14567.5,0.0
1,150700,ROSES,14563,54,,,,,14564,22,14565.0,32.0,,,14563.5,0.0
1,150800,ROSES,14561,70,,,,,14562,70,,,,,14561.5,0.0
1,150900,ROSES,14558,64,,,,,14559,64,,,,,14558.5,0.0
1,151000,ROSES,14553,23,14552.0,34.0,,,14554,57,,,,,14553.5,0.0
1,151100,ROSES,14553,45,,,,,14554,45,,,,,14553.5,0.0
1,151200,ROSES,14550,30,14549.0,41.0,,,14551,71,,,,,14550.5,0.0
1,151300,ROSES,14546,55,,,,,14547,23,14548.0,32.0,,,14546.5,0.0
1,151400,ROSES,14543,67,,,,,14544,18,14545.0,49.0,,,14543.5,0.0
1,151500,ROSES,14546,28,14545.0,46.0,,,14547,74,,,,,14546.5,0.0
1,151600,ROSES,14545,24,14544.0,41.0,,,14546,65,,,,,14545.5,0.0
1,151700,ROSES,14547,56,,,,,14549,56,,,,,14548.0,0.0
1,151800,ROSES,14547,55,,,,,14548,19,14549.0,36.0,,,14547.5,0.0
1,151900,ROSES,14546,53,,,,,14547,15,14548.0,38.0,,,14546.5,0.0
1,152000,ROSES,14548,20,14547.0,42.0,,,14549,62,,,,,14548.5,0.0
1,152100,ROSES,14549,53,,,,,14551,53,,,,,14550.0,0.0
1,152200,ROSES,14550,19,14549.0,30.0,,,14551,49,,,,,14550.5,0.0
1,152300,ROSES,14547,16,14546.0,39.0,,,14548,55,,,,,14547.5,0.0
1,152400,ROSES,14545,61,,,,,14547,61,,,,,14546.0,0.0
1,152500,ROSES,14542,70,,,,,14543,26,14544.0,44.0,,,14542.5,0.0
1,152600,ROSES,14542,23,14541.0,38.0,,,14543,61,,,,,14542.5,0.0
1,152700,ROSES,14542,47,,,,,14543,47,,,,,14542.5,0.0
1,152800,ROSES,14546,62,,,,,14547,62,,,,,14546.5,0.0
1,152900,ROSES,14550,61,,,,,14551,61,,,,,14550.5,0.0
1,153000,ROSES,14552,18,14551.0,42.0,,,14553,60,,,,,14552.5,0.0
1,153100,ROSES,14554,54,,,,,14555,19,14556.0,35.0,,,14554.5,0.0
1,153200,ROSES,14555,60,,,,,14556,60,,,,,14555.5,0.0
1,153300,ROSES,14562,59,,,,,14564,59,,,,,14563.0,0.0
1,153400,ROSES,14567,26,14566.0,40.0,,,14568,66,,,,,14567.5,0.0
1,153500,ROSES,14574,57,,,,,14575,57,,,,,14574.5,0.0
1,153600,ROSES,14575,70,,,,,14576,25,14577.0,45.0,,,14575.5,0.0
1,153700,ROSES,14576,62,,,,,14577,21,14578.0,41.0,,,14576.5,0.0
1,153800,ROSES,14579,71,,,,,14580,30,14581.0,34.0,,,14579.5,0.0
1,153900,ROSES,14580,26,14579.0,50.0,,,14581,76,,,,,14580.5,0.0
1,154000,ROSES,14580,62,,,,,14582,62,,,,,14581.0,0.0
1,154100,ROSES,14578,24,14577.0,31.0,,,14579,55,,,,,14578.5,0.0
1,154200,ROSES,14580,52,,,,,14582,52,,,,,14581.0,0.0
1,154300,ROSES,14581,26,14580.0,33.0,,,14582,59,,,,,14581.5,0.0
1,154400,ROSES,14583,66,,,,,14584,66,,,,,14583.5,0.0
1,154500,ROSES,14582,49,,,,,14584,49,,,,,14583.0,0.0
1,154600,ROSES,14577,62,,,,,14579,62,,,,,14578.0,0.0
1,154700,ROSES,14579,63,,,,,14580,63,,,,,14579.5,0.0
1,154800,ROSES,14582,60,,,,,14583,67,,,,,14582.5,0.0
1,154900,ROSES,14578,63,,,,,14580,63,,,,,14579.0,0.0
1,155000,ROSES,14576,56,,,,,14577,56,,,,,14576.5,0.0
1,155100,ROSES,14575,56,,,,,14576,56,,,,,14575.5,0.0
1,155200,ROSES,14574,52,,,,,14575,22,14576.0,30.0,,,14574.5,0.0
1,155300,ROSES,14570,24,14569.0,46.0,,,14571,70,,,,,14570.5,0.0
1,155400,ROSES,14574,71,,,,,14576,71,,,,,14575.0,0.0
1,155500,ROSES,14577,68,,,,,14578,20,14579.0,48.0,,,14577.5,0.0
1,155600,ROSES,14575,62,,,,,14577,62,,,,,14576.0,0.0
1,155700,ROSES,14570,62,,,,,14572,62,,,,,14571.0,0.0
1,155800,ROSES,14571,62,,,,,14573,62,,,,,14572.0,0.0
1,155900,ROSES,14577,60,,,,,14578,60,,,,,14577.5,0.0
1,156000,ROSES,14579,66,,,,,14580,29,14581.0,37.0,,,14579.5,0.0
1,156100,ROSES,14582,50,,,,,14584,50,,,,,14583.0,0.0
1,156200,ROSES,14580,21,14579.0,50.0,,,14581,71,,,,,14580.5,0.0
1,156300,ROSES,14580,52,,,,,14582,52,,,,,14581.0,0.0
1,156400,ROSES,14576,62,,,,,14577,28,14578.0,34.0,,,14576.5,0.0
1,156500,ROSES,14582,15,14581.0,50.0,,,14583,65,,,,,14582.5,0.0
1,156600,ROSES,14583,57,,,,,14584,25,14585.0,32.0,,,14583.5,0.0
1,156700,ROSES,14577,63,,,,,14579,63,,,,,14578.0,0.0
1,156800,ROSES,14572,72,,,,,14574,72,,,,,14573.0,0.0
1,156900,ROSES,14574,19,14573.0,50.0,,,14575,69,,,,,14574.5,0.0
1,157000,ROSES,14574,74,,,,,14575,74,,,,,14574.5,0.0
1,157100,ROSES,14573,65,,,,,14574,16,14575.0,49.0,,,14573.5,0.0
1,157200,ROSES,14575,67,,,,,14576,67,,,,,14575.5,0.0
1,157300,ROSES,14580,56,,,,,14582,56,,,,,14581.0,0.0
1,157400,ROSES,14581,71,,,,,14583,71,,,,,14582.0,0.0
1,157500,ROSES,14576,53,,,,,14578,53,,,,,14577.0,0.0
1,157600,ROSES,14576,51,,,,,14577,51,,,,,14576.5,0.0
1,157700,ROSES,14572,60,,,,,14574,60,,,,,14573.0,0.0
1,157800,ROSES,14570,52,,,,,14571,19,14572.0,33.0,,,14570.5,0.0
1,157900,ROSES,14571,62,,,,,14572,62,,,,,14571.5,0.0
1,158000,ROSES,14570,66,,,,,14572,66,,,,,14571.0,0.0
1,158100,ROSES,14567,67,,,,,14569,67,,,,,14568.0,0.0
1,158200,ROSES,14567,64,,,,,14569,64,,,,,14568.0,0.0
1,158300,ROSES,14565,50,,,,,14566,16,14567.0,34.0,,,14565.5,0.0
1,158400,ROSES,14567,30,14566.0,39.0,,,14568,69,,,,,14567.5,0.0
1,158500,ROSES,14566,46,,,,,14567,46,,,,,14566.5,0.0
1,158600,ROSES,14567,69,,,,,14568,69,,,,,14567.5,0.0
1,158700,ROSES,14566,59,,,,,14567,15,14568.0,44.0,,,14566.5,0.0
1,158800,ROSES,14568,58,,,,,14569,26,14570.0,32.0,,,14568.5,0.0
1,158900,ROSES,14568,66,,,,,14569,66,,,,,14568.5,0.0
1,159000,ROSES,14568,15,14567.0,31.0,,,14569,46,,,,,14568.5,0.0
1,159100,ROSES,14566,53,,,,,14567,18,14568.0,35.0,,,14566.5,0.0
1,159200,ROSES,14566,69,,,,,14568,69,,,,,14567.0,0.0
1,159300,ROSES,14562,30,14561.0,50.0,,,14563,80,,,,,14562.5,0.0
1,159400,ROSES,14569,66,,,,,14570,66,,,,,14569.5,0.0
1,159500,ROSES,14567,74,,,,,14568,68,,,,,14567.5,0.0
1,159600,ROSES,14567,63,,,,,14568,27,14569.0,36.0,,,14567.5,0.0
1,159700,ROSES,14566,68,,,,,14567,68,,,,,14566.5,0.0
1,159800,ROSES,14564,65,,,,,14566,65,,,,,14565.0,0.0
1,159900,ROSES,14566,25,14565.0,44.0,,,14567,69,,,,,14566.5,0.0
1,160000,ROSES,14564,63,,,,,14565,19,14566.0,44.0,,,14564.5,0.0
1,160100,ROSES,14563,61,,,,,14564,61,,,,,14563.5,0.0
1,160200,ROSES,14559,62,,,,,14560,25,14561.0,37.0,,,14559.5,0.0
1,160300,ROSES,14556,62,,,,,14558,62,,,,,14557.0,0.0
1,160400,ROSES,14553,69,,,,,14554,26,14555.0,43.0,,,14553.5,0.0
1,160500,ROSES,14558,74,,,,,14559,30,14560.0,44.0,,,14558.5,0.0
1,160600,ROSES,14554,61,,,,,14556,61,,,,,14555.0,0.0
1,160700,ROSES,14551,70,,,,,14553,70,,,,,14552.0,0.0
1,160800,ROSES,14552,51,,,,,14553,51,,,,,14552.5,0.0
1,160900,ROSES,14556,71,,,,,14557,71,,,,,14556.5,0.0
1,161000,ROSES,14551,48,,,,,14552,15,14553.0,33.0,,,14551.5,0.0
1,161100,ROSES,14547,16,14546.0,36.0,,,14548,52,,,,,14547.5,0.0
1,161200,ROSES,14547,89,,,,,14548,29,14549.0,49.0,,,14547.5,0.0
1,161300,ROSES,14548,54,,,,,14549,54,,,,,14548.5,0.0
1,161400,ROSES,14544,65,,,,,14545,65,,,,,14544.5,0.0
1,161500,ROSES,14539,55,,,,,14540,55,,,,,14539.5,0.0
1,161600,ROSES,14536,62,,,,,14538,62,,,,,14537.0,0.0
1,161700,ROSES,14538,53,,,,,14540,53,,,,,14539.0,0.0
1,161800,ROSES,14538,56,,,,,14539,20,14540.0,36.0,,,14538.5,0.0
1,161900,ROSES,14540,68,,,,,14541,24,14542.0,44.0,,,14540.5,0.0
1,162000,ROSES,14540,29,14539.0,35.0,,,14541,64,,,,,14540.5,0.0
1,162100,ROSES,14540,15,14539.0,34.0,,,14541,49,,,,,14540.5,0.0
1,162200,ROSES,14541,58,,,,,14542,17,14543.0,41.0,,,14541.5,0.0
1,162300,ROSES,14541,48,,,,,14542,48,,,,,14541.5,0.0
1,162400,ROSES,14541,52,,,,,14543,52,,,,,14542.0,0.0
1,162500,ROSES,14539,66,,,,,14540,66,,,,,14539.5,0.0
1,162600,ROSES,14537,59,,,,,14538,23,14539.0,36.0,,,14537.5,0.0
1,162700,ROSES,14538,73,,,,,14540,73,,,,,14539.0,0.0
1,162800,ROSES,14538,23,14537.0,42.0,,,14539,65,,,,,14538.5,0.0
1,162900,ROSES,14536,20,14535.0,40.0,,,14537,60,,,,,14536.5,0.0
1,163000,ROSES,14537,63,,,,,14539,63,,,,,14538.0,0.0
1,163100,ROSES,14539,20,14538.0,40.0,,,14540,60,,,,,14539.5,0.0
1,163200,ROSES,14539,16,14538.0,39.0,,,14540,55,,,,,14539.5,0.0
1,163300,ROSES,14536,55,,,,,14538,55,,,,,14537.0,0.0
1,163400,ROSES,14539,53,,,,,14540,53,,,,,14539.5,0.0
1,163500,ROSES,14546,20,14545.0,45.0,,,14547,65,,,,,14546.5,0.0
1,163600,ROSES,14543,60,,,,,14545,60,,,,,14544.0,0.0
1,163700,ROSES,14539,68,,,,,14540,24,14541.0,44.0,,,14539.5,0.0
1,163800,ROSES,14537,50,,,,,14538,50,,,,,14537.5,0.0
1,163900,ROSES,14534,62,,,,,14535,19,14536.0,43.0,,,14534.5,0.0
1,164000,ROSES,14531,27,14530.0,42.0,,,14532,69,,,,,14531.5,0.0
1,164100,ROSES,14527,60,,,,,14529,60,,,,,14528.0,0.0
1,164200,ROSES,14530,23,14529.0,40.0,,,14531,63,,,,,14530.5,0.0
1,164300,ROSES,14532,64,,,,,14533,64,,,,,14532.5,0.0
1,164400,ROSES,14536,61,,,,,14537,61,,,,,14536.5,0.0
1,164500,ROSES,14538,47,,,,,14539,47,,,,,14538.5,0.0
1,164600,ROSES,14536,67,,,,,14538,67,,,,,14537.0,0.0
1,164700,ROSES,14539,63,,,,,14540,3,14541.0,63.0,,,14539.5,0.0
1,164800,ROSES,14538,18,14537.0,48.0,,,14539,66,,,,,14538.5,0.0
1,164900,ROSES,14537,15,14536.0,39.0,,,14538,54,,,,,14537.5,0.0
1,165000,ROSES,14533,63,,,,,14535,63,,,,,14534.0,0.0
1,165100,ROSES,14537,24,14536.0,45.0,,,14538,69,,,,,14537.5,0.0
1,165200,ROSES,14539,61,,,,,14541,61,,,,,14540.0,0.0
1,165300,ROSES,14538,67,,,,,14539,67,,,,,14538.5,0.0
1,165400,ROSES,14537,64,,,,,14538,64,,,,,14537.5,0.0
1,165500,ROSES,14537,53,,,,,14538,17,14539.0,36.0,,,14537.5,0.0
1,165600,ROSES,14537,69,,,,,14539,69,,,,,14538.0,0.0
1,165700,ROSES,14540,26,14539.0,43.0,,,14541,69,,,,,14540.5,0.0
1,165800,ROSES,14540,63,,,,,14541,63,,,,,14540.5,0.0
1,165900,ROSES,14541,63,,,,,14542,63,,,,,14541.5,0.0
1,166000,ROSES,14537,13,14536.0,35.0,,,14538,59,,,,,14537.5,0.0
1,166100,ROSES,14536,41,,,,,14537,48,,,,,14536.5,0.0
1,166200,ROSES,14531,27,14530.0,33.0,,,14532,60,,,,,14531.5,0.0
1,166300,ROSES,14536,16,14535.0,44.0,,,14537,60,,,,,14536.5,0.0
1,166400,ROSES,14539,58,,,,,14541,58,,,,,14540.0,0.0
1,166500,ROSES,14541,60,,,,,14542,23,14543.0,37.0,,,14541.5,0.0
1,166600,ROSES,14544,55,,,,,14545,15,14546.0,40.0,,,14544.5,0.0
1,166700,ROSES,14550,18,14549.0,47.0,,,14551,65,,,,,14550.5,0.0
1,166800,ROSES,14552,64,,,,,14553,16,14554.0,48.0,,,14552.5,0.0
1,166900,ROSES,14548,23,14547.0,34.0,,,14549,57,,,,,14548.5,0.0
1,167000,ROSES,14547,53,,,,,14548,53,,,,,14547.5,0.0
1,167100,ROSES,14540,67,,,,,14542,67,,,,,14541.0,0.0
1,167200,ROSES,14538,71,,,,,14539,25,14540.0,46.0,,,14538.5,0.0
1,167300,ROSES,14535,25,14534.0,30.0,,,14536,55,,,,,14535.5,0.0
1,167400,ROSES,14534,57,,,,,14536,57,,,,,14535.0,0.0
1,167500,ROSES,14535,53,,,,,14537,53,,,,,14536.0,0.0
1,167600,ROSES,14533,57,,,,,14534,57,,,,,14533.5,0.0
1,167700,ROSES,14532,62,,,,,14533,62,,,,,14532.5,0.0
1,167800,ROSES,14533,27,14532.0,31.0,,,14534,58,,,,,14533.5,0.0
1,167900,ROSES,14532,49,,,,,14533,15,14534.0,34.0,,,14532.5,0.0
1,168000,ROSES,14531,66,,,,,14533,66,,,,,14532.0,0.0
1,168100,ROSES,14525,23,14524.0,35.0,,,14526,58,,,,,14525.5,0.0
1,168200,ROSES,14523,47,,,,,14525,47,,,,,14524.0,0.0
1,168300,ROSES,14525,65,,,,,14527,65,,,,,14526.0,0.0
1,168400,ROSES,14526,69,,,,,14527,28,14528.0,41.0,,,14526.5,0.0
1,168500,ROSES,14522,55,,,,,14523,55,,,,,14522.5,0.0
1,168600,ROSES,14521,66,,,,,14522,24,14523.0,42.0,,,14521.5,0.0
1,168700,ROSES,14522,23,14521.0,33.0,,,14523,56,,,,,14522.5,0.0
1,168800,ROSES,14519,64,,,,,14520,64,,,,,14519.5,0.0
1,168900,ROSES,14521,27,14520.0,42.0,,,14522,69,,,,,14521.5,0.0
1,169000,ROSES,14518,78,,,,,14520,78,,,,,14519.0,0.0
1,169100,ROSES,14517,77,,,,,14519,77,,,,,14518.0,0.0
1,169200,ROSES,14517,62,,,,,14518,62,,,,,14517.5,0.0
1,169300,ROSES,14523,62,,,,,14524,62,,,,,14523.5,0.0
1,169400,ROSES,14522,59,,,,,14523,59,,,,,14522.5,0.0
1,169500,ROSES,14520,66,,,,,14522,66,,,,,14521.0,0.0
1,169600,ROSES,14522,66,,,,,14523,17,14524.0,49.0,,,14522.5,0.0
1,169700,ROSES,14521,22,14520.0,40.0,,,14522,62,,,,,14521.5,0.0
1,169800,ROSES,14521,76,,,,,14522,26,14523.0,50.0,,,14521.5,0.0
1,169900,ROSES,14515,52,,,,,14516,52,,,,,14515.5,0.0
1,170000,ROSES,14516,27,14515.0,38.0,,,14517,65,,,,,14516.5,0.0
1,170100,ROSES,14515,52,,,,,14517,52,,,,,14516.0,0.0
1,170200,ROSES,14512,16,14511.0,46.0,,,14513,62,,,,,14512.5,0.0
1,170300,ROSES,14515,63,,,,,14517,63,,,,,14516.0,0.0
1,170400,ROSES,14515,20,14514.0,41.0,,,14516,61,,,,,14515.5,0.0
1,170500,ROSES,14514,75,,,,,14515,75,,,,,14514.5,0.0
1,170600,ROSES,14510,47,,,,,14511,15,14512.0,32.0,,,14510.5,0.0
1,170700,ROSES,14506,30,14505.0,40.0,,,14507,70,,,,,14506.5,0.0
1,170800,ROSES,14504,71,,,,,14505,71,,,,,14504.5,0.0
1,170900,ROSES,14500,30,14499.0,31.0,,,14501,61,,,,,14500.5,0.0
1,171000,ROSES,14501,51,,,,,14502,51,,,,,14501.5,0.0
1,171100,ROSES,14503,61,,,,,14504,21,14505.0,40.0,,,14503.5,0.0
1,171200,ROSES,14501,65,,,,,14503,65,,,,,14502.0,0.0
1,171300,ROSES,14497,60,,,,,14498,60,,,,,14497.5,0.0
1,171400,ROSES,14496,19,14495.0,44.0,,,14497,63,,,,,14496.5,0.0
1,171500,ROSES,14493,27,14492.0,32.0,,,14494,59,,,,,14493.5,0.0
1,171600,ROSES,14493,58,,,,,14494,58,,,,,14493.5,0.0
1,171700,ROSES,14493,69,,,,,14495,69,,,,,14494.0,0.0
1,171800,ROSES,14492,68,,,,,14493,30,14494.0,38.0,,,14492.5,0.0
1,171900,ROSES,14492,63,,,,,14493,29,14494.0,34.0,,,14492.5,0.0
1,172000,ROSES,14495,57,,,,,14496,57,,,,,14495.5,0.0
1,172100,ROSES,14499,75,,,,,14501,75,,,,,14500.0,0.0
1,172200,ROSES,14498,64,,,,,14499,64,,,,,14498.5,0.0
1,172300,ROSES,14500,25,14499.0,34.0,,,14501,59,,,,,14500.5,0.0
1,172400,ROSES,14499,61,,,,,14500,61,,,,,14499.5,0.0
1,172500,ROSES,14496,63,,,,,14497,63,,,,,14496.5,0.0
1,172600,ROSES,14499,53,,,,,14501,53,,,,,14500.0,0.0
1,172700,ROSES,14500,71,,,,,14502,71,,,,,14501.0,0.0
1,172800,ROSES,14501,21,14500.0,38.0,,,14502,59,,,,,14501.5,0.0
1,172900,ROSES,14501,57,,,,,14503,57,,,,,14502.0,0.0
1,173000,ROSES,14501,54,,,,,14502,54,,,,,14501.5,0.0
1,173100,ROSES,14498,74,,,,,14499,74,,,,,14498.5,0.0
1,173200,ROSES,14503,20,14502.0,46.0,,,14504,66,,,,,14503.5,0.0
1,173300,ROSES,14505,67,,,,,14506,67,,,,,14505.5,0.0
1,173400,ROSES,14505,56,,,,,14507,56,,,,,14506.0,0.0
1,173500,ROSES,14508,61,,,,,14509,27,14510.0,34.0,,,14508.5,0.0
1,173600,ROSES,14511,63,,,,,14513,63,,,,,14512.0,0.0
1,173700,ROSES,14511,55,,,,,14512,55,,,,,14511.5,0.0
1,173800,ROSES,14512,74,,,,,14513,30,14514.0,44.0,,,14512.5,0.0
1,173900,ROSES,14511,48,,,,,14512,17,14513.0,31.0,,,14511.5,0.0
1,174000,ROSES,14513,61,,,,,14514,61,,,,,14513.5,0.0
1,174100,ROSES,14512,66,,,,,14513,20,14514.0,46.0,,,14512.5,0.0
