day,timestamp,product,bid_price_1,bid_volume_1,bid_price_2,bid_volume_2,bid_price_3,bid_volume_3,ask_price_1,ask_volume_1,ask_price_2,ask_volume_2,ask_price_3,ask_volume_3,mid_price,profit_and_loss
2,0,ROSES,14421,27,14420.0,35.0,,,14422,62,,,,,14421.5,0.0
2,100,ROSES,14423,67,,,,,14425,67,,,,,14424.0,0.0
2,200,ROSES,14422,65,,,,,14423,65,,,,,14422.5,0.0
2,300,ROSES,14421,62,,,,,14422,18,14423.0,44.0,,,14421.5,0.0
2,400,ROSES,14421,68,,,,,14423,68,,,,,14422.0,0.0
2,500,ROSES,14422,20,14421.0,37.0,,,14423,57,,,,,14422.5,0.0
2,600,ROSES,14421,66,,,,,14423,66,,,,,14422.0,0.0
2,700,ROSES,14423,62,,,,,14424,18,14425.0,44.0,,,14423.5,0.0
2,800,ROSES,14426,60,,,,,14427,28,14428.0,32.0,,,14426.5,0.0
2,900,ROSES,14429,6,14428.0,65.0,,,14430,65,,,,,14429.5,0.0
2,1000,ROSES,14427,78,,,,,14428,30,14429.0,48.0,,,14427.5,0.0
2,1100,ROSES,14422,63,,,,,14423,27,14424.0,36.0,,,14422.5,0.0
2,1200,ROSES,14422,56,,,,,14424,56,,,,,14423.0,0.0
2,1300,ROSES,14415,52,,,,,14416,52,,,,,14415.5,0.0
2,1400,ROSES,14417,23,14416.0,33.0,,,14418,56,,,,,14417.5,0.0
2,1500,ROSES,14418,66,,,,,14420,66,,,,,14419.0,0.0
2,1600,ROSES,14415,70,,,,,14416,29,14417.0,41.0,,,14415.5,0.0
2,1700,ROSES,14417,29,14416.0,46.0,,,14418,75,,,,,14417.5,0.0
2,1800,ROSES,14415,45,,,,,14416,45,,,,,14415.5,0.0
2,1900,ROSES,14418,68,,,,,14419,30,14420.0,38.0,,,14418.5,0.0
2,2000,ROSES,14416,56,,,,,14417,17,14418.0,39.0,,,14416.5,0.0
2,2100,ROSES,14414,50,,,,,14415,45,,,,,14414.5,0.0
2,2200,ROSES,14412,58,,,,,14413,19,14414.0,39.0,,,14412.5,0.0
2,2300,ROSES,14413,26,14412.0,40.0,,,14414,66,,,,,14413.5,0.0
2,2400,ROSES,14410,58,,,,,14411,58,,,,,14410.5,0.0
2,2500,ROSES,14416,56,,,,,14417,56,,,,,14416.5,0.0
2,2600,ROSES,14415,74,,,,,14416,74,,,,,14415.5,0.0
2,2700,ROSES,14420,28,14419.0,50.0,,,14421,78,,,,,14420.5,0.0
2,2800,ROSES,14419,75,,,,,14420,64,,,,,14419.5,0.0
2,2900,ROSES,14418,66,,,,,14419,66,,,,,14418.5,0.0
2,3000,ROSES,14416,48,,,,,14417,48,,,,,14416.5,0.0
2,3100,ROSES,14414,62,,,,,14415,62,,,,,14414.5,0.0
2,3200,ROSES,14415,61,,,,,14416,29,14417.0,32.0,,,14415.5,0.0
2,3300,ROSES,14418,63,,,,,14420,63,,,,,14419.0,0.0
2,3400,ROSES,14419,22,14418.0,41.0,,,14420,63,,,,,14419.5,0.0
2,3500,ROSES,14416,78,,,,,14417,28,14418.0,50.0,,,14416.5,0.0
2,3600,ROSES,14417,23,14416.0,38.0,,,14418,61,,,,,14417.5,0.0
2,3700,ROSES,14415,15,14414.0,44.0,,,14416,59,,,,,14415.5,0.0
2,3800,ROSES,14407,60,,,,,14409,60,,,,,14408.0,0.0
2,3900,ROSES,14408,63,,,,,14409,63,,,,,14408.5,0.0
2,4000,ROSES,14403,52,,,,,14404,22,14405.0,30.0,,,14403.5,0.0
2,4100,ROSES,14401,57,,,,,14403,57,,,,,14402.0,0.0
2,4200,ROSES,14402,5,14401.0,48.0,,,14403,48,,,,,14402.5,0.0
2,4300,ROSES,14400,72,,,,,14402,72,,,,,14401.0,0.0
2,4400,ROSES,14400,30,14399.0,34.0,,,14401,64,,,,,14400.5,0.0
2,4500,ROSES,14404,66,,,,,14405,66,,,,,14404.5,0.0
2,4600,ROSES,14406,71,,,,,14408,71,,,,,14407.0,0.0
2,4700,ROSES,14410,70,,,,,14412,70,,,,,14411.0,0.0
2,4800,ROSES,14411,62,,,,,14412,62,,,,,14411.5,0.0
2,4900,ROSES,14411,70,,,,,14412,7,14413.0,70.0,,,14411.5,0.0
2,5000,ROSES,14416,72,,,,,14417,26,14418.0,46.0,,,14416.5,0.0
2,5100,ROSES,14414,73,,,,,14416,73,,,,,14415.0,0.0
2,5200,ROSES,14415,61,,,,,14417,61,,,,,14416.0,0.0
2,5300,ROSES,14416,26,14415.0,40.0,,,14417,66,,,,,14416.5,0.0
2,5400,ROSES,14416,63,,,,,14418,63,,,,,14417.0,0.0
2,5500,ROSES,14418,60,,,,,14419,21,14420.0,39.0,,,14418.5,0.0
2,5600,ROSES,14418,70,,,,,14420,70,,,,,14419.0,0.0
2,5700,ROSES,14420,69,,,,,14422,69,,,,,14421.0,0.0
2,5800,ROSES,14418,51,,,,,14419,21,14420.0,30.0,,,14418.5,0.0
2,5900,ROSES,14420,26,14419.0,49.0,,,14421,75,,,,,14420.5,0.0
2,6000,ROSES,14417,23,14416.0,35.0,,,14418,58,,,,,14417.5,0.0
2,6100,ROSES,14420,16,14419.0,34.0,,,14421,50,,,,,14420.5,0.0
2,6200,ROSES,14422,76,,,,,14423,27,14424.0,49.0,,,14422.5,0.0
2,6300,ROSES,14422,30,14421.0,44.0,,,14423,74,,,,,14422.5,0.0
2,6400,ROSES,14420,65,,,,,14421,28,14422.0,37.0,,,14420.5,0.0
2,6500,ROSES,14420,62,,,,,14421,16,14422.0,46.0,,,14420.5,0.0
2,6600,ROSES,14422,28,14421.0,45.0,,,14423,73,,,,,14422.5,0.0
2,6700,ROSES,14417,56,,,,,14419,56,,,,,14418.0,0.0
2,6800,ROSES,14415,71,,,,,14416,71,,,,,14415.5,0.0
2,6900,ROSES,14417,61,,,,,14419,61,,,,,14418.0,0.0
2,7000,ROSES,14417,24,14416.0,46.0,,,14418,70,,,,,14417.5,0.0
2,7100,ROSES,14413,65,,,,,14414,18,14415.0,47.0,,,14413.5,0.0
2,7200,ROSES,14407,55,,,,,14409,55,,,,,14408.0,0.0
2,7300,ROSES,14406,60,,,,,14407,21,14408.0,39.0,,,14406.5,0.0
2,7400,ROSES,14401,74,,,,,14403,74,,,,,14402.0,0.0
2,7500,ROSES,14402,15,14401.0,49.0,,,14403,64,,,,,14402.5,0.0
2,7600,ROSES,14401,62,,,,,14403,62,,,,,14402.0,0.0
2,7700,ROSES,14406,59,,,,,14407,24,14408.0,35.0,,,14406.5,0.0
2,7800,ROSES,14403,63,,,,,14404,63,,,,,14403.5,0.0
2,7900,ROSES,14404,55,,,,,14406,55,,,,,14405.0,0.0
2,8000,ROSES,14401,62,,,,,14402,30,14403.0,32.0,,,14401.5,0.0
2,8100,ROSES,14398,67,,,,,14400,56,,,,,14399.0,0.0
2,8200,ROSES,14398,29,14397.0,37.0,,,14399,66,,,,,14398.5,0.0
2,8300,ROSES,14395,79,,,,,14397,79,,,,,14396.0,0.0
2,8400,ROSES,14400,60,,,,,14401,18,14402.0,42.0,,,14400.5,0.0
2,8500,ROSES,14400,63,,,,,14401,63,,,,,14400.5,0.0
2,8600,ROSES,14398,59,,,,,14399,59,,,,,14398.5,0.0
2,8700,ROSES,14404,69,,,,,14405,69,,,,,14404.5,0.0
2,8800,ROSES,14402,19,14401.0,44.0,,,14403,63,,,,,14402.5,0.0
2,8900,ROSES,14401,15,14400.0,31.0,,,14402,46,,,,,14401.5,0.0
2,9000,ROSES,14400,68,,,,,14401,68,,,,,14400.5,0.0
2,9100,ROSES,14398,70,,,,,14399,70,,,,,14398.5,0.0
2,9200,ROSES,14399,78,,,,,14401,78,,,,,14400.0,0.0
2,9300,ROSES,14402,65,,,,,14404,65,,,,,14403.0,0.0
2,9400,ROSES,14399,73,,,,,14400,73,,,,,14399.5,0.0
2,9500,ROSES,14397,65,,,,,14399,65,,,,,14398.0,0.0
2,9600,ROSES,14396,64,,,,,14398,64,,,,,14397.0,0.0
2,9700,ROSES,14393,25,14392.0,43.0,,,14394,68,,,,,14393.5,0.0
2,9800,ROSES,14389,61,,,,,14390,61,,,,,14389.5,0.0
2,9900,ROSES,14388,71,,,,,14389,71,,,,,14388.5,0.0
2,10000,ROSES,14385,59,,,,,14387,59,,,,,14386.0,0.0
2,10100,ROSES,14386,67,,,,,14387,26,14388.0,41.0,,,14386.5,0.0
2,10200,ROSES,14388,76,,,,,14389,29,14390.0,47.0,,,14388.5,0.0
2,10300,ROSES,14388,59,,,,,14390,59,,,,,14389.0,0.0
2,10400,ROSES,14389,69,,,,,14390,19,14391.0,50.0,,,14389.5,0.0
2,10500,ROSES,14386,62,,,,,14388,62,,,,,14387.0,0.0
2,10600,ROSES,14385,59,,,,,14386,59,,,,,14385.5,0.0
2,10700,ROSES,14386,27,14385.0,36.0,,,14387,63,,,,,14386.5,0.0
2,10800,ROSES,14387,78,,,,,14388,78,,,,,14387.5,0.0
2,10900,ROSES,14387,25,14386.0,47.0,,,14388,72,,,,,14387.5,0.0
2,11000,ROSES,14388,73,,,,,14389,73,,,,,14388.5,0.0
2,11100,ROSES,14387,54,,,,,14388,24,14389.0,30.0,,,14387.5,0.0
2,11200,ROSES,14384,65,,,,,14385,65,,,,,14384.5,0.0
2,11300,ROSES,14385,18,14384.0,31.0,,,14386,49,,,,,14385.5,0.0
2,11400,ROSES,14383,57,,,,,14385,57,,,,,14384.0,0.0
2,11500,ROSES,14379,15,14378.0,32.0,,,14380,47,,,,,14379.5,0.0
2,11600,ROSES,14381,26,14380.0,34.0,,,14382,57,,,,,14381.5,0.0
2,11700,ROSES,14382,17,14381.0,33.0,,,14383,50,,,,,14382.5,0.0
2,11800,ROSES,14383,54,,,,,14385,54,,,,,14384.0,0.0
2,11900,ROSES,14382,54,,,,,14383,54,,,,,14382.5,0.0
2,12000,ROSES,14386,28,14385.0,36.0,,,14387,64,,,,,14386.5,0.0
2,12100,ROSES,14387,78,,,,,14388,78,,,,,14387.5,0.0
2,12200,ROSES,14389,60,,,,,14390,21,14391.0,39.0,,,14389.5,0.0
2,12300,ROSES,14387,71,,,,,14389,71,,,,,14388.0,0.0
2,12400,ROSES,14386,56,,,,,14388,56,,,,,14387.0,0.0
2,12500,ROSES,14390,29,14389.0,35.0,,,14391,64,,,,,14390.5,0.0
2,12600,ROSES,14389,60,,,,,14391,60,,,,,14390.0,0.0
2,12700,ROSES,14389,55,,,,,14391,55,,,,,14390.0,0.0
2,12800,ROSES,14393,72,,,,,14394,72,,,,,14393.5,0.0
2,12900,ROSES,14396,54,,,,,14397,54,,,,,14396.5,0.0
2,13000,ROSES,14396,65,,,,,14398,65,,,,,14397.0,0.0
2,13100,ROSES,14401,52,,,,,14402,18,14403.0,34.0,,,14401.5,0.0
2,13200,ROSES,14397,75,,,,,14398,26,14399.0,49.0,,,14397.5,0.0
2,13300,ROSES,14397,76,,,,,14398,76,,,,,14397.5,0.0
2,13400,ROSES,14395,55,,,,,14397,55,,,,,14396.0,0.0
2,13500,ROSES,14399,76,,,,,14400,76,,,,,14399.5,0.0
2,13600,ROSES,14403,72,,,,,14404,72,,,,,14403.5,0.0
2,13700,ROSES,14402,29,14401.0,32.0,,,14403,61,,,,,14402.5,0.0
2,13800,ROSES,14402,77,,,,,14403,77,,,,,14402.5,0.0
2,13900,ROSES,14404,52,,,,,14405,17,14406.0,35.0,,,14404.5,0.0
2,14000,ROSES,14405,61,,,,,14407,61,,,,,14406.0,0.0
2,14100,ROSES,14406,75,,,,,14407,75,,,,,14406.5,0.0
2,14200,ROSES,14408,56,,,,,14410,56,,,,,14409.0,0.0
2,14300,ROSES,14413,69,,,,,14415,69,,,,,14414.0,0.0
2,14400,ROSES,14414,24,14413.0,42.0,,,14415,66,,,,,14414.5,0.0
2,14500,ROSES,14411,21,14410.0,43.0,,,14412,64,,,,,14411.5,0.0
2,14600,ROSES,14410,68,,,,,14411,29,14412.0,39.0,,,14410.5,0.0
2,14700,ROSES,14410,63,,,,,14411,63,,,,,14410.5,0.0
2,14800,ROSES,14409,46,,,,,14410,46,,,,,14409.5,0.0
2,14900,ROSES,14410,62,,,,,14412,62,,,,,14411.0,0.0
2,15000,ROSES,14412,65,,,,,14414,65,,,,,14413.0,0.0
2,15100,ROSES,14415,19,14414.0,40.0,,,14416,59,,,,,14415.5,0.0
2,15200,ROSES,14416,26,14415.0,32.0,,,14417,58,,,,,14416.5,0.0
2,15300,ROSES,14416,67,,,,,14418,67,,,,,14417.0,0.0
2,15400,ROSES,14413,64,,,,,14415,64,,,,,14414.0,0.0
2,15500,ROSES,14412,73,,,,,14414,73,,,,,14413.0,0.0
2,15600,ROSES,14410,58,,,,,14411,24,14412.0,34.0,,,14410.5,0.0
2,15700,ROSES,14411,63,,,,,14412,63,,,,,14411.5,0.0
2,15800,ROSES,14410,51,,,,,14412,51,,,,,14411.0,0.0
2,15900,ROSES,14410,62,,,,,14411,22,14412.0,40.0,,,14410.5,0.0
2,16000,ROSES,14411,53,,,,,14413,53,,,,,14412.0,0.0
2,16100,ROSES,14411,26,14410.0,47.0,,,14412,73,,,,,14411.5,0.0
2,16200,ROSES,14413,66,,,,,14415,66,,,,,14414.0,0.0
2,16300,ROSES,14416,57,,,,,14417,57,,,,,14416.5,0.0
2,16400,ROSES,14413,56,,,,,14415,56,,,,,14414.0,0.0
2,16500,ROSES,14417,29,14416.0,48.0,,,14418,77,,,,,14417.5,0.0
2,16600,ROSES,14416,23,14415.0,43.0,,,14417,66,,,,,14416.5,0.0
2,16700,ROSES,14414,24,14413.0,43.0,,,14415,67,,,,,14414.5,0.0
2,16800,ROSES,14413,17,14412.0,40.0,,,14414,57,,,,,14413.5,0.0
2,16900,ROSES,14409,68,,,,,14411,68,,,,,14410.0,0.0
2,17000,ROSES,14410,73,,,,,14411,26,14412.0,47.0,,,14410.5,0.0
2,17100,ROSES,14413,73,,,,,14414,27,14415.0,46.0,,,14413.5,0.0
2,17200,ROSES,14409,75,,,,,14410,30,14411.0,45.0,,,14409.5,0.0
2,17300,ROSES,14410,45,,,,,14411,15,14412.0,30.0,,,14410.5,0.0
2,17400,ROSES,14411,73,,,,,14413,73,,,,,14412.0,0.0
2,17500,ROSES,14413,67,,,,,14414,27,14415.0,40.0,,,14413.5,0.0
2,17600,ROSES,14415,23,14414.0,43.0,,,14416,66,,,,,14415.5,0.0
2,17700,ROSES,14416,17,14415.0,43.0,,,14417,60,,,,,14416.5,0.0
2,17800,ROSES,14414,61,,,,,14416,61,,,,,14415.0,0.0
2,17900,ROSES,14416,68,,,,,14418,68,,,,,14417.0,0.0
2,18000,ROSES,14417,63,,,,,14419,63,,,,,14418.0,0.0
2,18100,ROSES,14419,56,,,,,14420,15,14421.0,41.0,,,14419.5,0.0
2,18200,ROSES,14420,58,,,,,14421,58,,,,,14420.5,0.0
2,18300,ROSES,14419,64,,,,,14420,23,14421.0,47.0,,,14419.5,0.0
2,18400,ROSES,14419,66,,,,,14420,66,,,,,14419.5,0.0
2,18500,ROSES,14420,61,,,,,14422,61,,,,,14421.0,0.0
2,18600,ROSES,14423,46,,,,,14424,46,,,,,14423.5,0.0
2,18700,ROSES,14418,56,,,,,14419,56,,,,,14418.5,0.0
2,18800,ROSES,14414,67,,,,,14416,67,,,,,14415.0,0.0
2,18900,ROSES,14410,72,,,,,14411,24,14412.0,48.0,,,14410.5,0.0
2,19000,ROSES,14409,27,14408.0,30.0,,,14410,57,,,,,14409.5,0.0
2,19100,ROSES,14407,55,,,,,14408,55,,,,,14407.5,0.0
2,19200,ROSES,14407,63,,,,,14408,24,14409.0,39.0,,,14407.5,0.0
2,19300,ROSES,14406,47,,,,,14408,47,,,,,14407.0,0.0
2,19400,ROSES,14410,18,14409.0,46.0,,,14411,64,,,,,14410.5,0.0
2,19500,ROSES,14408,51,,,,,14409,51,,,,,14408.5,0.0
2,19600,ROSES,14406,61,,,,,14407,61,,,,,14406.5,0.0
2,19700,ROSES,14404,25,14403.0,33.0,,,14405,58,,,,,14404.5,0.0
2,19800,ROSES,14403,86,,,,,14404,76,,,,,14403.5,0.0
2,19900,ROSES,14403,78,,,,,14404,28,14405.0,50.0,,,14403.5,0.0
2,20000,ROSES,14402,70,,,,,14403,70,,,,,14402.5,0.0
2,20100,ROSES,14399,62,,,,,14400,16,14401.0,46.0,,,14399.5,0.0
2,20200,ROSES,14396,28,14395.0,47.0,,,14397,75,,,,,14396.5,0.0
2,20300,ROSES,14396,61,,,,,14397,61,,,,,14396.5,0.0
2,20400,ROSES,14394,61,,,,,14396,61,,,,,14395.0,0.0
2,20500,ROSES,14392,20,14391.0,47.0,,,14393,67,,,,,14392.5,0.0
2,20600,ROSES,14391,77,,,,,14392,77,,,,,14391.5,0.0
2,20700,ROSES,14392,24,14391.0,47.0,,,14393,71,,,,,14392.5,0.0
2,20800,ROSES,14397,74,,,,,14398,74,,,,,14397.5,0.0
2,20900,ROSES,14401,80,,,,,14402,80,,,,,14401.5,0.0
2,21000,ROSES,14398,61,,,,,14400,61,,,,,14399.0,0.0
2,21100,ROSES,14397,53,,,,,14398,15,14399.0,38.0,,,14397.5,0.0
2,21200,ROSES,14392,56,,,,,14393,56,,,,,14392.5,0.0
2,21300,ROSES,14387,15,14386.0,30.0,,,14388,45,,,,,14387.5,0.0
2,21400,ROSES,14382,70,,,,,14383,70,,,,,14382.5,0.0
2,21500,ROSES,14384,69,,,,,14385,21,14386.0,48.0,,,14384.5,0.0
2,21600,ROSES,14383,53,,,,,14385,53,,,,,14384.0,0.0
2,21700,ROSES,14380,28,14379.0,41.0,,,14381,69,,,,,14380.5,0.0
2,21800,ROSES,14378,17,14377.0,31.0,,,14379,48,,,,,14378.5,0.0
2,21900,ROSES,14376,48,,,,,14378,48,,,,,14377.0,0.0
2,22000,ROSES,14374,67,,,,,14376,67,,,,,14375.0,0.0
2,22100,ROSES,14378,65,,,,,14379,22,14380.0,43.0,,,14378.5,0.0
2,22200,ROSES,14373,62,,,,,14374,62,,,,,14373.5,0.0
2,22300,ROSES,14372,28,14371.0,37.0,,,14373,65,,,,,14372.5,0.0
2,22400,ROSES,14372,67,,,,,14373,22,14374.0,45.0,,,14372.5,0.0
2,22500,ROSES,14373,62,,,,,14374,30,14375.0,32.0,,,14373.5,0.0
2,22600,ROSES,14367,57,,,,,14369,57,,,,,14368.0,0.0
2,22700,ROSES,14368,28,14367.0,31.0,,,14369,59,,,,,14368.5,0.0
2,22800,ROSES,14364,64,,,,,14366,64,,,,,14365.0,0.0
2,22900,ROSES,14363,23,14362.0,46.0,,,14364,69,,,,,14363.5,0.0
2,23000,ROSES,14358,55,,,,,14360,55,,,,,14359.0,0.0
2,23100,ROSES,14360,65,,,,,14362,65,,,,,14361.0,0.0
2,23200,ROSES,14368,74,,,,,14369,30,14370.0,44.0,,,14368.5,0.0
2,23300,ROSES,14371,28,14370.0,35.0,,,14372,63,,,,,14371.5,0.0
2,23400,ROSES,14370,30,14369.0,35.0,,,14371,65,,,,,14370.5,0.0
2,23500,ROSES,14365,57,,,,,14366,25,14367.0,32.0,,,14365.5,0.0
2,23600,ROSES,14367,52,,,,,14368,21,14369.0,31.0,,,14367.5,0.0
2,23700,ROSES,14370,65,,,,,14371,20,14372.0,45.0,,,14370.5,0.0
2,23800,ROSES,14367,63,,,,,14368,20,14369.0,43.0,,,14367.5,0.0
2,23900,ROSES,14369,59,,,,,14371,59,,,,,14370.0,0.0
2,24000,ROSES,14365,21,14364.0,37.0,,,14366,58,,,,,14365.5,0.0
2,24100,ROSES,14361,68,,,,,14362,20,14363.0,48.0,,,14361.5,0.0
2,24200,ROSES,14361,55,,,,,14363,55,,,,,14362.0,0.0
2,24300,ROSES,14358,21,14357.0,43.0,,,14359,64,,,,,14358.5,0.0
2,24400,ROSES,14359,65,,,,,14361,65,,,,,14360.0,0.0
2,24500,ROSES,14363,53,,,,,14364,21,14365.0,32.0,,,14363.5,0.0
2,24600,ROSES,14363,64,,,,,14364,16,14365.0,48.0,,,14363.5,0.0
2,24700,ROSES,14364,67,,,,,14365,21,14366.0,46.0,,,14364.5,0.0
2,24800,ROSES,14368,69,,,,,14369,27,14370.0,38.0,,,14368.5,0.0
2,24900,ROSES,14369,61,,,,,14371,61,,,,,14370.0,0.0
2,25000,ROSES,14373,20,14372.0,39.0,,,14374,59,,,,,14373.5,0.0
2,25100,ROSES,14376,67,,,,,14378,67,,,,,14377.0,0.0
2,25200,ROSES,14373,50,,,,,14375,50,,,,,14374.0,0.0
2,25300,ROSES,14379,53,,,,,14380,19,14381.0,34.0,,,14379.5,0.0
2,25400,ROSES,14382,47,,,,,14383,16,14384.0,31.0,,,14382.5,0.0
2,25500,ROSES,14382,73,,,,,14384,73,,,,,14383.0,0.0
2,25600,ROSES,14384,64,,,,,14386,64,,,,,14385.0,0.0
2,25700,ROSES,14385,66,,,,,14386,23,14387.0,43.0,,,14385.5,0.0
2,25800,ROSES,14386,16,14385.0,40.0,,,14387,56,,,,,14386.5,0.0
2,25900,ROSES,14383,73,,,,,14384,23,14385.0,50.0,,,14383.5,0.0
2,26000,ROSES,14382,73,,,,,14383,73,,,,,14382.5,0.0
2,26100,ROSES,14381,60,,,,,14382,30,14383.0,30.0,,,14381.5,0.0
2,26200,ROSES,14384,65,,,,,14385,65,,,,,14384.5,0.0
2,26300,ROSES,14385,73,,,,,14386,73,,,,,14385.5,0.0
2,26400,ROSES,14386,58,,,,,14387,58,,,,,14386.5,0.0
2,26500,ROSES,14386,15,14385.0,32.0,,,14387,47,,,,,14386.5,0.0
2,26600,ROSES,14389,53,,,,,14390,53,,,,,14389.5,0.0
2,26700,ROSES,14382,66,,,,,14384,66,,,,,14383.0,0.0
2,26800,ROSES,14380,73,,,,,14381,30,14382.0,43.0,,,14380.5,0.0
2,26900,ROSES,14382,60,,,,,14384,60,,,,,14383.0,0.0
2,27000,ROSES,14381,65,,,,,14383,65,,,,,14382.0,0.0
2,27100,ROSES,14383,59,,,,,14384,21,14385.0,38.0,,,14383.5,0.0
2,27200,ROSES,14387,57,,,,,14388,19,14389.0,38.0,,,14387.5,0.0
2,27300,ROSES,14389,77,,,,,14390,27,14391.0,50.0,,,14389.5,0.0
2,27400,ROSES,14385,68,,,,,14387,68,,,,,14386.0,0.0
2,27500,ROSES,14385,16,14384.0,48.0,,,14386,64,,,,,14385.5,0.0
2,27600,ROSES,14382,15,14381.0,34.0,,,14383,49,,,,,14382.5,0.0
2,27700,ROSES,14383,58,,,,,14384,58,,,,,14383.5,0.0
2,27800,ROSES,14385,61,,,,,14387,61,,,,,14386.0,0.0
2,27900,ROSES,14385,53,,,,,14386,53,,,,,14385.5,0.0
2,28000,ROSES,14386,62,,,,,14387,25,14388.0,37.0,,,14386.5,0.0
2,28100,ROSES,14386,27,14385.0,31.0,,,14387,58,,,,,14386.5,0.0
2,28200,ROSES,14390,54,,,,,14392,54,,,,,14391.0,0.0
2,28300,ROSES,14391,56,,,,,14392,56,,,,,14391.5,0.0
2,28400,ROSES,14391,63,,,,,14393,63,,,,,14392.0,0.0
2,28500,ROSES,14393,74,,,,,14394,74,,,,,14393.5,0.0
2,28600,ROSES,14395,62,,,,,14397,62,,,,,14396.0,0.0
2,28700,ROSES,14397,52,,,,,14399,52,,,,,14398.0,0.0
2,28800,ROSES,14397,57,,,,,14398,20,14399.0,37.0,,,14397.5,0.0
2,28900,ROSES,14397,55,,,,,14399,55,,,,,14398.0,0.0
2,29000,ROSES,14399,22,14398.0,39.0,,,14400,61,,,,,14399.5,0.0
2,29100,ROSES,14400,58,,,,,14401,28,14402.0,30.0,,,14400.5,0.0
2,29200,ROSES,14399,70,,,,,14400,25,14401.0,45.0,,,14399.5,0.0
2,29300,ROSES,14398,24,14397.0,42.0,,,14399,66,,,,,14398.5,0.0
2,29400,ROSES,14397,67,,,,,14398,67,,,,,14397.5,0.0
2,29500,ROSES,14398,75,,,,,14399,30,14400.0,45.0,,,14398.5,0.0
2,29600,ROSES,14397,66,,,,,14398,66,,,,,14397.5,0.0
2,29700,ROSES,14394,58,,,,,14395,16,14396.0,42.0,,,14394.5,0.0
2,29800,ROSES,14393,70,,,,,14395,70,,,,,14394.0,0.0
2,29900,ROSES,14392,49,,,,,14393,49,,,,,14392.5,0.0
2,30000,ROSES,14394,16,14393.0,33.0,,,14395,49,,,,,14394.5,0.0
2,30100,ROSES,14392,72,,,,,14393,25,14394.0,47.0,,,14392.5,0.0
2,30200,ROSES,14391,61,,,,,14392,30,14393.0,31.0,,,14391.5,0.0
2,30300,ROSES,14396,50,,,,,14397,50,,,,,14396.5,0.0
2,30400,ROSES,14397,73,,,,,14398,28,14399.0,45.0,,,14397.5,0.0
2,30500,ROSES,14395,26,14394.0,41.0,,,14396,67,,,,,14395.5,0.0
2,30600,ROSES,14398,69,,,,,14399,69,,,,,14398.5,0.0
2,30700,ROSES,14397,57,,,,,14398,57,,,,,14397.5,0.0
2,30800,ROSES,14395,67,,,,,14396,67,,,,,14395.5,0.0
2,30900,ROSES,14396,54,,,,,14398,54,,,,,14397.0,0.0
2,31000,ROSES,14393,80,,,,,14394,80,,,,,14393.5,0.0
2,31100,ROSES,14393,29,14392.0,36.0,,,14394,65,,,,,14393.5,0.0
2,31200,ROSES,14394,60,,,,,14395,19,14396.0,41.0,,,14394.5,0.0
2,31300,ROSES,14396,62,,,,,14397,62,,,,,14396.5,0.0
2,31400,ROSES,14395,19,14394.0,38.0,,,14396,57,,,,,14395.5,0.0
2,31500,ROSES,14393,72,,,,,14395,72,,,,,14394.0,0.0
2,31600,ROSES,14393,54,,,,,14394,21,14395.0,33.0,,,14393.5,0.0
2,31700,ROSES,14396,69,,,,,14397,30,14398.0,39.0,,,14396.5,0.0
2,31800,ROSES,14392,20,14391.0,44.0,,,14393,64,,,,,14392.5,0.0
2,31900,ROSES,14394,21,14393.0,46.0,,,14395,67,,,,,14394.5,0.0
2,32000,ROSES,14394,66,,,,,14396,66,,,,,14395.0,0.0
2,32100,ROSES,14398,60,,,,,14399,60,,,,,14398.5,0.0
2,32200,ROSES,14395,52,,,,,14396,17,14397.0,35.0,,,14395.5,0.0
2,32300,ROSES,14398,52,,,,,14399,18,14400.0,34.0,,,14398.5,0.0
2,32400,ROSES,14396,63,,,,,14397,63,,,,,14396.5,0.0
2,32500,ROSES,14397,27,14396.0,34.0,,,14398,61,,,,,14397.5,0.0
2,32600,ROSES,14396,26,14395.0,49.0,,,14397,75,,,,,14396.5,0.0
2,32700,ROSES,14389,68,,,,,14391,68,,,,,14390.0,0.0
2,32800,ROSES,14389,59,,,,,14390,23,14391.0,36.0,,,14389.5,0.0
2,32900,ROSES,14390,61,,,,,14391,24,14392.0,37.0,,,14390.5,0.0
2,33000,ROSES,14392,62,,,,,14394,62,,,,,14393.0,0.0
2,33100,ROSES,14391,22,14390.0,31.0,,,14392,53,,,,,14391.5,0.0
2,33200,ROSES,14388,13,14387.0,38.0,,,14389,57,,,,,14388.5,0.0
2,33300,ROSES,14390,28,14389.0,47.0,,,14391,75,,,,,14390.5,0.0
2,33400,ROSES,14389,15,14388.0,43.0,,,14390,58,,,,,14389.5,0.0
2,33500,ROSES,14391,55,,,,,14393,55,,,,,14392.0,0.0
2,33600,ROSES,14395,71,,,,,14396,71,,,,,14395.5,0.0
2,33700,ROSES,14394,56,,,,,14396,56,,,,,14395.0,0.0
2,33800,ROSES,14394,74,,,,,14395,74,,,,,14394.5,0.0
2,33900,ROSES,14392,61,,,,,14393,21,14394.0,34.0,,,14392.5,0.0
2,34000,ROSES,14387,49,,,,,14388,49,,,,,14387.5,0.0
2,34100,ROSES,14387,59,,,,,14388,59,,,,,14387.5,0.0
2,34200,ROSES,14389,62,,,,,14390,62,,,,,14389.5,0.0
2,34300,ROSES,14392,21,14391.0,37.0,,,14393,58,,,,,14392.5,0.0
2,34400,ROSES,14391,64,,,,,14393,64,,,,,14392.0,0.0
2,34500,ROSES,14396,60,,,,,14398,60,,,,,14397.0,0.0
2,34600,ROSES,14395,62,,,,,14396,62,,,,,14395.5,0.0
2,34700,ROSES,14395,50,,,,,14396,50,,,,,14395.5,0.0
2,34800,ROSES,14393,65,,,,,14395,65,,,,,14394.0,0.0
2,34900,ROSES,14392,75,,,,,14394,75,,,,,14393.0,0.0
2,35000,ROSES,14392,15,14391.0,45.0,,,14393,60,,,,,14392.5,0.0
2,35100,ROSES,14390,67,,,,,14391,67,,,,,14390.5,0.0
2,35200,ROSES,14389,59,,,,,14390,59,,,,,14389.5,0.0
2,35300,ROSES,14390,15,14389.0,43.0,,,14391,58,,,,,14390.5,0.0
2,35400,ROSES,14390,56,,,,,14391,56,,,,,14390.5,0.0
2,35500,ROSES,14387,64,,,,,14389,64,,,,,14388.0,0.0
2,35600,ROSES,14389,16,14388.0,33.0,,,14390,49,,,,,14389.5,0.0
2,35700,ROSES,14386,60,,,,,14388,60,,,,,14387.0,0.0
2,35800,ROSES,14388,27,14387.0,45.0,,,14389,72,,,,,14388.5,0.0
2,35900,ROSES,14388,55,,,,,14389,55,,,,,14388.5,0.0
2,36000,ROSES,14383,70,,,,,14384,70,,,,,14383.5,0.0
2,36100,ROSES,14380,62,,,,,14382,62,,,,,14381.0,0.0
2,36200,ROSES,14383,69,,,,,14384,69,,,,,14383.5,0.0
2,36300,ROSES,14381,68,,,,,14382,28,14383.0,40.0,,,14381.5,0.0
2,36400,ROSES,14379,59,,,,,14381,59,,,,,14380.0,0.0
2,36500,ROSES,14378,65,,,,,14380,65,,,,,14379.0,0.0
2,36600,ROSES,14379,23,14378.0,30.0,,,14380,53,,,,,14379.5,0.0
2,36700,ROSES,14380,70,,,,,14381,27,14382.0,43.0,,,14380.5,0.0
2,36800,ROSES,14379,61,,,,,14381,61,,,,,14380.0,0.0
2,36900,ROSES,14384,63,,,,,14385,63,,,,,14384.5,0.0
2,37000,ROSES,14382,53,,,,,14384,53,,,,,14383.0,0.0
2,37100,ROSES,14381,66,,,,,14383,66,,,,,14382.0,0.0
2,37200,ROSES,14381,76,,,,,14382,76,,,,,14381.5,0.0
2,37300,ROSES,14381,62,,,,,14383,62,,,,,14382.0,0.0
2,37400,ROSES,14385,58,,,,,14386,19,14387.0,39.0,,,14385.5,0.0
2,37500,ROSES,14391,79,,,,,14392,30,14393.0,49.0,,,14391.5,0.0
2,37600,ROSES,14390,64,,,,,14392,64,,,,,14391.0,0.0
2,37700,ROSES,14390,73,,,,,14391,73,,,,,14390.5,0.0
2,37800,ROSES,14392,28,14391.0,48.0,,,14393,76,,,,,14392.5,0.0
2,37900,ROSES,14391,66,,,,,14393,66,,,,,14392.0,0.0
2,38000,ROSES,14394,15,14393.0,41.0,,,14395,56,,,,,14394.5,0.0
2,38100,ROSES,14391,60,,,,,14392,60,,,,,14391.5,0.0
2,38200,ROSES,14393,63,,,,,14394,22,14395.0,41.0,,,14393.5,0.0
2,38300,ROSES,14387,62,,,,,14389,62,,,,,14388.0,0.0
2,38400,ROSES,14389,47,,,,,14390,47,,,,,14389.5,0.0
2,38500,ROSES,14391,28,14390.0,34.0,,,14392,62,,,,,14391.5,0.0
2,38600,ROSES,14397,69,,,,,14398,19,14399.0,50.0,,,14397.5,0.0
2,38700,ROSES,14395,65,,,,,14396,65,,,,,14395.5,0.0
2,38800,ROSES,14397,22,14396.0,38.0,,,14398,60,,,,,14397.5,0.0
2,38900,ROSES,14398,62,,,,,14400,62,,,,,14399.0,0.0
2,39000,ROSES,14396,69,,,,,14397,69,,,,,14396.5,0.0
2,39100,ROSES,14397,25,14396.0,32.0,,,14398,57,,,,,14397.5,0.0
2,39200,ROSES,14394,61,,,,,14396,61,,,,,14395.0,0.0
2,39300,ROSES,14391,77,,,,,14393,77,,,,,14392.0,0.0
2,39400,ROSES,14388,22,14387.0,31.0,,,14389,53,,,,,14388.5,0.0
2,39500,ROSES,14387,74,,,,,14388,29,14389.0,45.0,,,14387.5,0.0
2,39600,ROSES,14384,58,,,,,14386,58,,,,,14385.0,0.0
2,39700,ROSES,14379,57,,,,,14380,52,,,,,14379.5,0.0
2,39800,ROSES,14380,66,,,,,14381,66,,,,,14380.5,0.0
2,39900,ROSES,14375,56,,,,,14377,56,,,,,14376.0,0.0
2,40000,ROSES,14377,63,,,,,14378,16,14379.0,47.0,,,14377.5,0.0
2,40100,ROSES,14378,68,,,,,14379,68,,,,,14378.5,0.0
2,40200,ROSES,14376,21,14375.0,38.0,,,14377,59,,,,,14376.5,0.0
2,40300,ROSES,14371,63,,,,,14373,63,,,,,14372.0,0.0
2,40400,ROSES,14369,57,,,,,14370,15,14371.0,42.0,,,14369.5,0.0
2,40500,ROSES,14366,16,14365.0,45.0,,,14367,61,,,,,14366.5,0.0
2,40600,ROSES,14365,19,14364.0,44.0,,,14366,63,,,,,14365.5,0.0
2,40700,ROSES,14364,18,14363.0,37.0,,,14365,55,,,,,14364.5,0.0
2,40800,ROSES,14370,66,,,,,14371,25,14372.0,41.0,,,14370.5,0.0
2,40900,ROSES,14365,27,14364.0,50.0,,,14366,77,,,,,14365.5,0.0
2,41000,ROSES,14363,72,,,,,14364,20,14365.0,42.0,,,14363.5,0.0
2,41100,ROSES,14365,30,14364.0,40.0,,,14366,70,,,,,14365.5,0.0
2,41200,ROSES,14367,50,,,,,14369,50,,,,,14368.0,0.0
2,41300,ROSES,14371,74,,,,,14372,74,,,,,14371.5,0.0
2,41400,ROSES,14368,46,,,,,14369,16,14370.0,30.0,,,14368.5,0.0
2,41500,ROSES,14370,51,,,,,14372,51,,,,,14371.0,0.0
2,41600,ROSES,14363,61,,,,,14364,61,,,,,14363.5,0.0
2,41700,ROSES,14362,64,,,,,14363,29,14364.0,35.0,,,14362.5,0.0
2,41800,ROSES,14364,65,,,,,14366,65,,,,,14365.0,0.0
2,41900,ROSES,14366,77,,,,,14368,77,,,,,14367.0,0.0
2,42000,ROSES,14363,19,14362.0,44.0,,,14364,63,,,,,14363.5,0.0
2,42100,ROSES,14360,58,,,,,14362,58,,,,,14361.0,0.0
2,42200,ROSES,14355,47,,,,,14356,47,,,,,14355.5,0.0
2,42300,ROSES,14353,55,,,,,14354,55,,,,,14353.5,0.0
2,42400,ROSES,14349,62,,,,,14350,24,14351.0,38.0,,,14349.5,0.0
2,42500,ROSES,14350,67,,,,,14351,67,,,,,14350.5,0.0
2,42600,ROSES,14348,65,,,,,14349,65,,,,,14348.5,0.0
2,42700,ROSES,14349,58,,,,,14351,58,,,,,14350.0,0.0
2,42800,ROSES,14349,51,,,,,14350,18,14351.0,33.0,,,14349.5,0.0
2,42900,ROSES,14348,46,,,,,14349,15,14350.0,31.0,,,14348.5,0.0
2,43000,ROSES,14353,72,,,,,14354,72,,,,,14353.5,0.0
2,43100,ROSES,14356,66,,,,,14357,66,,,,,14356.5,0.0
2,43200,ROSES,14352,49,,,,,14354,49,,,,,14353.0,0.0
2,43300,ROSES,14356,64,,,,,14357,64,,,,,14356.5,0.0
2,43400,ROSES,14358,73,,,,,14359,73,,,,,14358.5,0.0
2,43500,ROSES,14361,77,,,,,14363,77,,,,,14362.0,0.0
2,43600,ROSES,14363,27,14362.0,35.0,,,14364,62,,,,,14363.5,0.0
2,43700,ROSES,14358,56,,,,,14359,56,,,,,14358.5,0.0
2,43800,ROSES,14357,66,,,,,14358,66,,,,,14357.5,0.0
2,43900,ROSES,14350,59,,,,,14352,59,,,,,14351.0,0.0
2,44000,ROSES,14347,67,,,,,14348,67,,,,,14347.5,0.0
2,44100,ROSES,14345,48,,,,,14346,48,,,,,14345.5,0.0
2,44200,ROSES,14348,62,,,,,14349,15,14350.0,47.0,,,14348.5,0.0
2,44300,ROSES,14348,56,,,,,14350,56,,,,,14349.0,0.0
2,44400,ROSES,14349,70,,,,,14350,70,,,,,14349.5,0.0
2,44500,ROSES,14351,47,,,,,14352,47,,,,,14351.5,0.0
2,44600,ROSES,14348,69,,,,,14350,69,,,,,14349.0,0.0
2,44700,ROSES,14351,67,,,,,14353,67,,,,,14352.0,0.0
2,44800,ROSES,14352,56,,,,,14353,56,,,,,14352.5,0.0
2,44900,ROSES,14349,64,,,,,14351,64,,,,,14350.0,0.0
2,45000,ROSES,14348,24,14347.0,48.0,,,14349,72,,,,,14348.5,0.0
2,45100,ROSES,14347,54,,,,,14348,22,14349.0,32.0,,,14347.5,0.0
2,45200,ROSES,14349,15,14348.0,36.0,,,14350,51,,,,,14349.5,0.0
2,45300,ROSES,14352,62,,,,,14354,62,,,,,14353.0,0.0
2,45400,ROSES,14352,17,14351.0,38.0,,,14353,55,,,,,14352.5,0.0
2,45500,ROSES,14351,55,,,,,14352,55,,,,,14351.5,0.0
2,45600,ROSES,14356,19,14355.0,36.0,,,14357,55,,,,,14356.5,0.0
2,45700,ROSES,14364,70,,,,,14365,30,14366.0,40.0,,,14364.5,0.0
2,45800,ROSES,14369,71,,,,,14370,71,,,,,14369.5,0.0
2,45900,ROSES,14369,62,,,,,14371,62,,,,,14370.0,0.0
2,46000,ROSES,14368,57,,,,,14370,57,,,,,14369.0,0.0
2,46100,ROSES,14370,58,,,,,14371,18,14372.0,40.0,,,14370.5,0.0
2,46200,ROSES,14371,70,,,,,14372,70,,,,,14371.5,0.0
2,46300,ROSES,14369,55,,,,,14370,55,,,,,14369.5,0.0
2,46400,ROSES,14372,65,,,,,14374,65,,,,,14373.0,0.0
2,46500,ROSES,14379,57,,,,,14380,19,14381.0,38.0,,,14379.5,0.0
2,46600,ROSES,14377,59,,,,,14378,59,,,,,14377.5,0.0
2,46700,ROSES,14375,16,14374.0,32.0,,,14376,48,,,,,14375.5,0.0
2,46800,ROSES,14373,70,,,,,14375,70,,,,,14374.0,0.0
2,46900,ROSES,14370,63,,,,,14371,63,,,,,14370.5,0.0
2,47000,ROSES,14372,62,,,,,14373,62,,,,,14372.5,0.0
2,47100,ROSES,14368,60,,,,,14369,26,14370.0,34.0,,,14368.5,0.0
2,47200,ROSES,14370,54,,,,,14371,54,,,,,14370.5,0.0
2,47300,ROSES,14371,73,,,,,14372,73,,,,,14371.5,0.0
2,47400,ROSES,14373,65,,,,,14374,65,,,,,14373.5,0.0
2,47500,ROSES,14369,58,,,,,14370,58,,,,,14369.5,0.0
2,47600,ROSES,14369,48,,,,,14371,48,,,,,14370.0,0.0
2,47700,ROSES,14370,62,,,,,14371,62,,,,,14370.5,0.0
2,47800,ROSES,14372,51,,,,,14374,51,,,,,14373.0,0.0
2,47900,ROSES,14373,60,,,,,14375,60,,,,,14374.0,0.0
2,48000,ROSES,14372,16,14371.0,42.0,,,14373,58,,,,,14372.5,0.0
2,48100,ROSES,14375,30,14374.0,32.0,,,14376,62,,,,,14375.5,0.0
2,48200,ROSES,14378,51,,,,,14380,51,,,,,14379.0,0.0
2,48300,ROSES,14382,61,,,,,14383,61,,,,,14382.5,0.0
2,48400,ROSES,14380,66,,,,,14381,66,,,,,14380.5,0.0
2,48500,ROSES,14381,66,,,,,14383,66,,,,,14382.0,0.0
2,48600,ROSES,14379,74,,,,,14380,74,,,,,14379.5,0.0
2,48700,ROSES,14378,62,,,,,14380,62,,,,,14379.0,0.0
2,48800,ROSES,14380,71,,,,,14382,71,,,,,14381.0,0.0
2,48900,ROSES,14377,16,14376.0,49.0,,,14378,65,,,,,14377.5,0.0
2,49000,ROSES,14384,58,,,,,14385,58,,,,,14384.5,0.0
2,49100,ROSES,14387,64,,,,,14388,20,14389.0,44.0,,,14387.5,0.0
2,49200,ROSES,14385,68,,,,,14386,26,14387.0,42.0,,,14385.5,0.0
2,49300,ROSES,14384,17,14383.0,35.0,,,14385,52,,,,,14384.5,0.0
2,49400,ROSES,14383,67,,,,,14385,67,,,,,14384.0,0.0
2,49500,ROSES,14383,71,,,,,14384,71,,,,,14383.5,0.0
2,49600,ROSES,14380,16,14379.0,38.0,,,14381,54,,,,,14380.5,0.0
2,49700,ROSES,14379,53,,,,,14381,53,,,,,14380.0,0.0
2,49800,ROSES,14375,76,,,,,14376,28,14377.0,48.0,,,14375.5,0.0
2,49900,ROSES,14373,50,,,,,14375,50,,,,,14374.0,0.0
2,50000,ROSES,14378,54,,,,,14380,54,,,,,14379.0,0.0
2,50100,ROSES,14378,66,,,,,14379,20,14380.0,46.0,,,14378.5,0.0
2,50200,ROSES,14377,67,,,,,14378,67,,,,,14377.5,0.0
2,50300,ROSES,14381,70,,,,,14382,29,14383.0,41.0,,,14381.5,0.0
2,50400,ROSES,14382,58,,,,,14383,58,,,,,14382.5,0.0
2,50500,ROSES,14384,29,14383.0,41.0,,,14385,70,,,,,14384.5,0.0
2,50600,ROSES,14382,62,,,,,14383,29,14384.0,33.0,,,14382.5,0.0
2,50700,ROSES,14385,54,,,,,14386,54,,,,,14385.5,0.0
2,50800,ROSES,14384,50,,,,,14385,16,14386.0,34.0,,,14384.5,0.0
2,50900,ROSES,14386,69,,,,,14388,69,,,,,14387.0,0.0
2,51000,ROSES,14388,50,,,,,14389,20,14390.0,30.0,,,14388.5,0.0
2,51100,ROSES,14393,19,14392.0,37.0,,,14394,56,,,,,14393.5,0.0
2,51200,ROSES,14395,61,,,,,14397,61,,,,,14396.0,0.0
2,51300,ROSES,14395,80,,,,,14397,80,,,,,14396.0,0.0
2,51400,ROSES,14392,54,,,,,14394,54,,,,,14393.0,0.0
2,51500,ROSES,14392,16,14391.0,38.0,,,14393,54,,,,,14392.5,0.0
2,51600,ROSES,14390,21,14389.0,48.0,,,14391,69,,,,,14390.5,0.0
2,51700,ROSES,14394,74,,,,,14395,74,,,,,14394.5,0.0
2,51800,ROSES,14393,29,14392.0,32.0,,,14394,61,,,,,14393.5,0.0
2,51900,ROSES,14386,45,,,,,14388,45,,,,,14387.0,0.0
2,52000,ROSES,14387,70,,,,,14389,70,,,,,14388.0,0.0
2,52100,ROSES,14390,25,14389.0,46.0,,,14391,71,,,,,14390.5,0.0
2,52200,ROSES,14387,49,,,,,14388,16,14389.0,33.0,,,14387.5,0.0
2,52300,ROSES,14389,51,,,,,14390,51,,,,,14389.5,0.0
2,52400,ROSES,14385,61,,,,,14387,61,,,,,14386.0,0.0
2,52500,ROSES,14386,59,,,,,14387,20,14388.0,39.0,,,14386.5,0.0
2,52600,ROSES,14386,24,14385.0,49.0,,,14387,73,,,,,14386.5,0.0
2,52700,ROSES,14386,51,,,,,14388,51,,,,,14387.0,0.0
2,52800,ROSES,14388,30,14387.0,43.0,,,14389,73,,,,,14388.5,0.0
2,52900,ROSES,14386,29,14385.0,40.0,,,14387,69,,,,,14386.5,0.0
2,53000,ROSES,14388,65,,,,,14389,65,,,,,14388.5,0.0
2,53100,ROSES,14386,57,,,,,14388,57,,,,,14387.0,0.0
2,53200,ROSES,14387,61,,,,,14388,61,,,,,14387.5,0.0
2,53300,ROSES,14391,22,14390.0,41.0,,,14392,63,,,,,14391.5,0.0
2,53400,ROSES,14388,55,,,,,14389,21,14390.0,34.0,,,14388.5,0.0
2,53500,ROSES,14388,61,,,,,14390,61,,,,,14389.0,0.0
2,53600,ROSES,14393,26,14392.0,40.0,,,14394,66,,,,,14393.5,0.0
2,53700,ROSES,14396,61,,,,,14397,61,,,,,14396.5,0.0
2,53800,ROSES,14394,62,,,,,14395,16,14396.0,46.0,,,14394.5,0.0
2,53900,ROSES,14392,70,,,,,14394,70,,,,,14393.0,0.0
2,54000,ROSES,14394,59,,,,,14395,59,,,,,14394.5,0.0
2,54100,ROSES,14392,69,,,,,14393,69,,,,,14392.5,0.0
2,54200,ROSES,14392,59,,,,,14393,29,14394.0,30.0,,,14392.5,0.0
2,54300,ROSES,14388,62,,,,,14390,62,,,,,14389.0,0.0
2,54400,ROSES,14390,63,,,,,14391,15,14392.0,48.0,,,14390.5,0.0
2,54500,ROSES,14386,61,,,,,14387,61,,,,,14386.5,0.0
2,54600,ROSES,14386,75,,,,,14387,26,14388.0,49.0,,,14386.5,0.0
2,54700,ROSES,14388,53,,,,,14389,53,,,,,14388.5,0.0
2,54800,ROSES,14386,86,,,,,14387,30,14388.0,50.0,,,14386.5,0.0
2,54900,ROSES,14382,55,,,,,14383,50,,,,,14382.5,0.0
2,55000,ROSES,14378,70,,,,,14380,70,,,,,14379.0,0.0
2,55100,ROSES,14373,71,,,,,14375,71,,,,,14374.0,0.0
2,55200,ROSES,14378,56,,,,,14379,21,14380.0,35.0,,,14378.5,0.0
2,55300,ROSES,14373,47,,,,,14374,47,,,,,14373.5,0.0
2,55400,ROSES,14369,76,,,,,14371,76,,,,,14370.0,0.0
2,55500,ROSES,14370,60,,,,,14371,19,14372.0,41.0,,,14370.5,0.0
2,55600,ROSES,14370,70,,,,,14372,70,,,,,14371.0,0.0
2,55700,ROSES,14373,67,,,,,14374,19,14375.0,48.0,,,14373.5,0.0
2,55800,ROSES,14377,21,14376.0,44.0,,,14378,65,,,,,14377.5,0.0
2,55900,ROSES,14378,59,,,,,14379,59,,,,,14378.5,0.0
2,56000,ROSES,14378,23,14377.0,45.0,,,14379,68,,,,,14378.5,0.0
2,56100,ROSES,14376,69,,,,,14377,69,,,,,14376.5,0.0
2,56200,ROSES,14375,57,,,,,14377,57,,,,,14376.0,0.0
2,56300,ROSES,14378,65,,,,,14379,25,14380.0,40.0,,,14378.5,0.0
2,56400,ROSES,14380,24,14379.0,47.0,,,14381,71,,,,,14380.5,0.0
2,56500,ROSES,14381,75,,,,,14383,75,,,,,14382.0,0.0
2,56600,ROSES,14377,57,,,,,14378,57,,,,,14377.5,0.0
2,56700,ROSES,14375,26,14374.0,47.0,,,14376,73,,,,,14375.5,0.0
2,56800,ROSES,14373,55,,,,,14374,55,,,,,14373.5,0.0
2,56900,ROSES,14371,62,,,,,14373,62,,,,,14372.0,0.0
2,57000,ROSES,14368,55,,,,,14370,55,,,,,14369.0,0.0
2,57100,ROSES,14370,59,,,,,14371,16,14372.0,43.0,,,14370.5,0.0
2,57200,ROSES,14373,67,,,,,14374,23,14375.0,44.0,,,14373.5,0.0
2,57300,ROSES,14378,49,,,,,14379,49,,,,,14378.5,0.0
2,57400,ROSES,14376,52,,,,,14378,52,,,,,14377.0,0.0
2,57500,ROSES,14376,65,,,,,14377,16,14378.0,49.0,,,14376.5,0.0
2,57600,ROSES,14376,65,,,,,14378,65,,,,,14377.0,0.0
2,57700,ROSES,14376,63,,,,,14378,63,,,,,14377.0,0.0
2,57800,ROSES,14374,59,,,,,14375,25,14376.0,34.0,,,14374.5,0.0
2,57900,ROSES,14376,51,,,,,14377,15,14378.0,36.0,,,14376.5,0.0
2,58000,ROSES,14371,23,14370.0,42.0,,,14372,65,,,,,14371.5,0.0
2,58100,ROSES,14369,54,,,,,14371,54,,,,,14370.0,0.0
2,58200,ROSES,14364,49,,,,,14365,16,14366.0,33.0,,,14364.5,0.0
2,58300,ROSES,14366,74,,,,,14367,74,,,,,14366.5,0.0
2,58400,ROSES,14362,52,,,,,14363,17,14364.0,35.0,,,14362.5,0.0
2,58500,ROSES,14359,56,,,,,14360,56,,,,,14359.5,0.0
2,58600,ROSES,14359,71,,,,,14360,71,,,,,14359.5,0.0
2,58700,ROSES,14356,50,,,,,14357,50,,,,,14356.5,0.0
2,58800,ROSES,14357,17,14356.0,30.0,,,14358,47,,,,,14357.5,0.0
2,58900,ROSES,14356,21,14355.0,47.0,,,14357,68,,,,,14356.5,0.0
2,59000,ROSES,14361,52,,,,,14362,52,,,,,14361.5,0.0
2,59100,ROSES,14358,23,14357.0,46.0,,,14359,69,,,,,14358.5,0.0
2,59200,ROSES,14355,61,,,,,14357,61,,,,,14356.0,0.0
2,59300,ROSES,14357,68,,,,,14358,68,,,,,14357.5,0.0
2,59400,ROSES,14357,53,,,,,14358,15,14359.0,38.0,,,14357.5,0.0
2,59500,ROSES,14358,64,,,,,14360,64,,,,,14359.0,0.0
2,59600,ROSES,14357,55,,,,,14359,55,,,,,14358.0,0.0
2,59700,ROSES,14360,63,,,,,14361,19,14362.0,44.0,,,14360.5,0.0
2,59800,ROSES,14361,67,,,,,14362,67,,,,,14361.5,0.0
2,59900,ROSES,14365,19,14364.0,41.0,,,14366,60,,,,,14365.5,0.0
2,60000,ROSES,14361,54,,,,,14362,54,,,,,14361.5,0.0
2,60100,ROSES,14361,59,,,,,14363,59,,,,,14362.0,0.0
2,60200,ROSES,14361,61,,,,,14362,61,,,,,14361.5,0.0
2,60300,ROSES,14362,66,,,,,14363,66,,,,,14362.5,0.0
2,60400,ROSES,14359,62,,,,,14361,62,,,,,14360.0,0.0
2,60500,ROSES,14362,26,14361.0,47.0,,,14363,73,,,,,14362.5,0.0
2,60600,ROSES,14358,62,,,,,14359,62,,,,,14358.5,0.0
2,60700,ROSES,14360,65,,,,,14362,65,,,,,14361.0,0.0
2,60800,ROSES,14362,67,,,,,14363,67,,,,,14362.5,0.0
2,60900,ROSES,14357,59,,,,,14358,59,,,,,14357.5,0.0
2,61000,ROSES,14358,54,,,,,14359,51,,,,,14358.5,0.0
2,61100,ROSES,14353,25,14352.0,30.0,,,14354,55,,,,,14353.5,0.0
2,61200,ROSES,14354,69,,,,,14355,22,14356.0,47.0,,,14354.5,0.0
2,61300,ROSES,14350,73,,,,,14351,73,,,,,14350.5,0.0
2,61400,ROSES,14350,30,14349.0,38.0,,,14351,68,,,,,14350.5,0.0
2,61500,ROSES,14349,53,,,,,14350,53,,,,,14349.5,0.0
2,61600,ROSES,14344,69,,,,,14346,69,,,,,14345.0,0.0
2,61700,ROSES,14339,64,,,,,14341,64,,,,,14340.0,0.0
2,61800,ROSES,14341,29,14340.0,36.0,,,14342,65,,,,,14341.5,0.0
2,61900,ROSES,14339,56,,,,,14341,56,,,,,14340.0,0.0
2,62000,ROSES,14342,48,,,,,14344,54,,,,,14343.0,0.0
2,62100,ROSES,14342,50,,,,,14343,19,14344.0,31.0,,,14342.5,0.0
2,62200,ROSES,14350,22,14349.0,32.0,,,14351,54,,,,,14350.5,0.0
2,62300,ROSES,14350,60,,,,,14351,17,14352.0,43.0,,,14350.5,0.0
2,62400,ROSES,14355,70,,,,,14356,70,,,,,14355.5,0.0
2,62500,ROSES,14356,58,,,,,14357,58,,,,,14356.5,0.0
2,62600,ROSES,14356,78,,,,,14357,28,14358.0,50.0,,,14356.5,0.0
2,62700,ROSES,14357,68,,,,,14359,68,,,,,14358.0,0.0
2,62800,ROSES,14355,69,,,,,14357,69,,,,,14356.0,0.0
2,62900,ROSES,14354,15,14353.0,30.0,,,14355,45,,,,,14354.5,0.0
2,63000,ROSES,14358,67,,,,,14359,19,14360.0,48.0,,,14358.5,0.0
2,63100,ROSES,14358,16,14357.0,42.0,,,14359,58,,,,,14358.5,0.0
2,63200,ROSES,14355,29,14354.0,31.0,,,14356,60,,,,,14355.5,0.0
2,63300,ROSES,14356,70,,,,,14357,70,,,,,14356.5,0.0
2,63400,ROSES,14354,23,14353.0,30.0,,,14355,53,,,,,14354.5,0.0
2,63500,ROSES,14354,69,,,,,14355,69,,,,,14354.5,0.0
2,63600,ROSES,14357,48,,,,,14358,18,14359.0,30.0,,,14357.5,0.0
2,63700,ROSES,14361,21,14360.0,31.0,,,14362,52,,,,,14361.5,0.0
2,63800,ROSES,14366,28,14365.0,36.0,,,14367,64,,,,,14366.5,0.0
2,63900,ROSES,14369,79,,,,,14370,79,,,,,14369.5,0.0
2,64000,ROSES,14371,27,14370.0,36.0,,,14372,63,,,,,14371.5,0.0
2,64100,ROSES,14372,58,,,,,14373,28,14374.0,30.0,,,14372.5,0.0
2,64200,ROSES,14373,62,,,,,14374,21,14375.0,41.0,,,14373.5,0.0
2,64300,ROSES,14373,55,,,,,14374,55,,,,,14373.5,0.0
2,64400,ROSES,14379,70,,,,,14381,70,,,,,14380.0,0.0
2,64500,ROSES,14379,73,,,,,14380,23,14381.0,50.0,,,14379.5,0.0
2,64600,ROSES,14384,25,14383.0,38.0,,,14385,63,,,,,14384.5,0.0
2,64700,ROSES,14383,70,,,,,14385,70,,,,,14384.0,0.0
2,64800,ROSES,14387,55,,,,,14388,55,,,,,14387.5,0.0
2,64900,ROSES,14379,51,,,,,14380,18,14381.0,33.0,,,14379.5,0.0
2,65000,ROSES,14380,19,14379.0,31.0,,,14381,50,,,,,14380.5,0.0
2,65100,ROSES,14378,72,,,,,14379,28,14380.0,44.0,,,14378.5,0.0
2,65200,ROSES,14382,70,,,,,14384,70,,,,,14383.0,0.0
2,65300,ROSES,14387,21,14386.0,37.0,,,14388,58,,,,,14387.5,0.0
2,65400,ROSES,14385,74,,,,,14386,26,14387.0,48.0,,,14385.5,0.0
2,65500,ROSES,14385,69,,,,,14386,69,,,,,14385.5,0.0
2,65600,ROSES,14388,29,14387.0,49.0,,,14389,78,,,,,14388.5,0.0
2,65700,ROSES,14388,60,,,,,14390,60,,,,,14389.0,0.0
2,65800,ROSES,14389,57,,,,,14390,57,,,,,14389.5,0.0
2,65900,ROSES,14392,16,14391.0,50.0,,,14393,66,,,,,14392.5,0.0
2,66000,ROSES,14388,56,,,,,14390,56,,,,,14389.0,0.0
2,66100,ROSES,14393,66,,,,,14394,66,,,,,14393.5,0.0
2,66200,ROSES,14394,58,,,,,14395,16,14396.0,42.0,,,14394.5,0.0
2,66300,ROSES,14386,55,,,,,14388,55,,,,,14387.0,0.0
2,66400,ROSES,14384,58,,,,,14385,28,14386.0,30.0,,,14384.5,0.0
2,66500,ROSES,14384,65,,,,,14385,19,14386.0,46.0,,,14384.5,0.0
2,66600,ROSES,14390,59,,,,,14392,59,,,,,14391.0,0.0
2,66700,ROSES,14391,19,14390.0,46.0,,,14392,65,,,,,14391.5,0.0
2,66800,ROSES,14387,60,,,,,14388,60,,,,,14387.5,0.0
2,66900,ROSES,14391,24,14390.0,37.0,,,14392,61,,,,,14391.5,0.0
2,67000,ROSES,14392,51,,,,,14393,51,,,,,14392.5,0.0
2,67100,ROSES,14392,62,,,,,14393,23,14394.0,39.0,,,14392.5,0.0
2,67200,ROSES,14395,62,,,,,14397,62,,,,,14396.0,0.0
2,67300,ROSES,14394,65,,,,,14396,65,,,,,14395.0,0.0
2,67400,ROSES,14394,53,,,,,14396,53,,,,,14395.0,0.0
2,67500,ROSES,14397,55,,,,,14399,55,,,,,14398.0,0.0
2,67600,ROSES,14399,65,,,,,14400,65,,,,,14399.5,0.0
2,67700,ROSES,14402,66,,,,,14403,66,,,,,14402.5,0.0
2,67800,ROSES,14401,74,,,,,14402,74,,,,,14401.5,0.0
2,67900,ROSES,14406,60,,,,,14407,60,,,,,14406.5,0.0
2,68000,ROSES,14402,53,,,,,14404,53,,,,,14403.0,0.0
2,68100,ROSES,14399,58,,,,,14400,58,,,,,14399.5,0.0
2,68200,ROSES,14400,67,,,,,14401,9,14402.0,67.0,,,14400.5,0.0
2,68300,ROSES,14400,72,,,,,14401,72,,,,,14400.5,0.0
2,68400,ROSES,14401,59,,,,,14402,59,,,,,14401.5,0.0
2,68500,ROSES,14401,51,,,,,14402,19,14403.0,32.0,,,14401.5,0.0
2,68600,ROSES,14401,69,,,,,14402,69,,,,,14401.5,0.0
2,68700,ROSES,14398,61,,,,,14400,61,,,,,14399.0,0.0
2,68800,ROSES,14400,30,14399.0,30.0,,,14401,60,,,,,14400.5,0.0
2,68900,ROSES,14403,60,,,,,14405,60,,,,,14404.0,0.0
2,69000,ROSES,14401,54,,,,,14403,54,,,,,14402.0,0.0
2,69100,ROSES,14407,54,,,,,14408,54,,,,,14407.5,0.0
2,69200,ROSES,14412,23,14411.0,46.0,,,14413,69,,,,,14412.5,0.0
2,69300,ROSES,14410,23,14409.0,30.0,,,14411,53,,,,,14410.5,0.0
2,69400,ROSES,14412,57,,,,,14413,23,14414.0,34.0,,,14412.5,0.0
2,69500,ROSES,14409,61,,,,,14411,61,,,,,14410.0,0.0
2,69600,ROSES,14409,54,,,,,14411,54,,,,,14410.0,0.0
2,69700,ROSES,14407,60,,,,,14408,60,,,,,14407.5,0.0
2,69800,ROSES,14406,19,14405.0,47.0,,,14407,66,,,,,14406.5,0.0
2,69900,ROSES,14401,48,,,,,14402,48,,,,,14401.5,0.0
2,70000,ROSES,14401,48,,,,,14402,48,,,,,14401.5,0.0
2,70100,ROSES,14398,60,,,,,14400,60,,,,,14399.0,0.0
2,70200,ROSES,14396,54,,,,,14397,21,14398.0,33.0,,,14396.5,0.0
2,70300,ROSES,14391,74,,,,,14392,29,14393.0,45.0,,,14391.5,0.0
2,70400,ROSES,14392,15,14391.0,37.0,,,14393,52,,,,,14392.5,0.0
2,70500,ROSES,14397,75,,,,,14398,25,14399.0,50.0,,,14397.5,0.0
2,70600,ROSES,14396,60,,,,,14398,60,,,,,14397.0,0.0
2,70700,ROSES,14396,67,,,,,14398,67,,,,,14397.0,0.0
2,70800,ROSES,14394,15,14393.0,49.0,,,14395,64,,,,,14394.5,0.0
2,70900,ROSES,14393,15,14392.0,36.0,,,14394,51,,,,,14393.5,0.0
2,71000,ROSES,14391,25,14390.0,42.0,,,14392,67,,,,,14391.5,0.0
2,71100,ROSES,14387,23,14386.0,37.0,,,14388,60,,,,,14387.5,0.0
2,71200,ROSES,14385,15,14384.0,30.0,,,14386,45,,,,,14385.5,0.0
2,71300,ROSES,14383,47,,,,,14385,47,,,,,14384.0,0.0
2,71400,ROSES,14385,20,14384.0,32.0,,,14386,52,,,,,14385.5,0.0
2,71500,ROSES,14384,62,,,,,14385,21,14386.0,41.0,,,14384.5,0.0
2,71600,ROSES,14385,70,,,,,14386,26,14387.0,44.0,,,14385.5,0.0
2,71700,ROSES,14389,65,,,,,14390,65,,,,,14389.5,0.0
2,71800,ROSES,14392,48,,,,,14393,48,,,,,14392.5,0.0
2,71900,ROSES,14391,49,,,,,14392,49,,,,,14391.5,0.0
2,72000,ROSES,14386,50,,,,,14388,50,,,,,14387.0,0.0
2,72100,ROSES,14386,65,,,,,14387,28,14388.0,37.0,,,14386.5,0.0
2,72200,ROSES,14387,22,14386.0,30.0,,,14388,52,,,,,14387.5,0.0
2,72300,ROSES,14390,22,14389.0,37.0,,,14391,59,,,,,14390.5,0.0
2,72400,ROSES,14390,69,,,,,14392,69,,,,,14391.0,0.0
2,72500,ROSES,14398,56,,,,,14400,56,,,,,14399.0,0.0
2,72600,ROSES,14398,15,14397.0,42.0,,,14399,57,,,,,14398.5,0.0
2,72700,ROSES,14400,18,14399.0,37.0,,,14401,55,,,,,14400.5,0.0
2,72800,ROSES,14397,55,,,,,14399,55,,,,,14398.0,0.0
2,72900,ROSES,14395,54,,,,,14396,17,14397.0,37.0,,,14395.5,0.0
2,73000,ROSES,14394,78,,,,,14396,78,,,,,14395.0,0.0
2,73100,ROSES,14395,47,,,,,14397,47,,,,,14396.0,0.0
2,73200,ROSES,14397,74,,,,,14399,74,,,,,14398.0,0.0
2,73300,ROSES,14389,63,,,,,14390,22,14391.0,41.0,,,14389.5,0.0
2,73400,ROSES,14392,74,,,,,14394,74,,,,,14393.0,0.0
2,73500,ROSES,14397,68,,,,,14398,68,,,,,14397.5,0.0
2,73600,ROSES,14401,30,14400.0,41.0,,,14402,71,,,,,14401.5,0.0
2,73700,ROSES,14403,62,,,,,14405,62,,,,,14404.0,0.0
2,73800,ROSES,14403,47,,,,,14404,17,14405.0,30.0,,,14403.5,0.0
2,73900,ROSES,14405,59,,,,,14406,59,,,,,14405.5,0.0
2,74000,ROSES,14409,60,,,,,14410,60,,,,,14409.5,0.0
2,74100,ROSES,14406,58,,,,,14408,58,,,,,14407.0,0.0
2,74200,ROSES,14408,70,,,,,14410,70,,,,,14409.0,0.0
2,74300,ROSES,14410,62,,,,,14411,62,,,,,14410.5,0.0
2,74400,ROSES,14410,68,,,,,14411,68,,,,,14410.5,0.0
2,74500,ROSES,14415,56,,,,,14416,56,,,,,14415.5,0.0
2,74600,ROSES,14413,62,,,,,14415,62,,,,,14414.0,0.0
2,74700,ROSES,14411,68,,,,,14412,68,,,,,14411.5,0.0
2,74800,ROSES,14411,50,,,,,14412,50,,,,,14411.5,0.0
2,74900,ROSES,14409,59,,,,,14411,59,,,,,14410.0,0.0
2,75000,ROSES,14413,62,,,,,14415,62,,,,,14414.0,0.0
2,75100,ROSES,14409,67,,,,,14410,28,14411.0,39.0,,,14409.5,0.0
2,75200,ROSES,14406,30,14405.0,43.0,,,14407,73,,,,,14406.5,0.0
2,75300,ROSES,14407,49,,,,,14408,49,,,,,14407.5,0.0
2,75400,ROSES,14409,57,,,,,14410,57,,,,,14409.5,0.0
2,75500,ROSES,14406,65,,,,,14407,65,,,,,14406.5,0.0
2,75600,ROSES,14410,16,14409.0,33.0,,,14411,49,,,,,14410.5,0.0
2,75700,ROSES,14405,22,14404.0,39.0,,,14406,61,,,,,14405.5,0.0
2,75800,ROSES,14408,17,14407.0,46.0,,,14409,63,,,,,14408.5,0.0
2,75900,ROSES,14405,73,,,,,14407,73,,,,,14406.0,0.0
2,76000,ROSES,14404,56,,,,,14406,56,,,,,14405.0,0.0
2,76100,ROSES,14409,70,,,,,14411,70,,,,,14410.0,0.0
2,76200,ROSES,14409,70,,,,,14411,70,,,,,14410.0,0.0
2,76300,ROSES,14408,65,,,,,14409,65,,,,,14408.5,0.0
2,76400,ROSES,14409,59,,,,,14410,59,,,,,14409.5,0.0
2,76500,ROSES,14414,49,,,,,14415,16,14416.0,33.0,,,14414.5,0.0
2,76600,ROSES,14414,67,,,,,14416,67,,,,,14415.0,0.0
2,76700,ROSES,14412,63,,,,,14414,63,,,,,14413.0,0.0
2,76800,ROSES,14413,77,,,,,14414,27,14415.0,50.0,,,14413.5,0.0
2,76900,ROSES,14410,59,,,,,14411,59,,,,,14410.5,0.0
2,77000,ROSES,14408,52,,,,,14410,52,,,,,14409.0,0.0
2,77100,ROSES,14407,70,,,,,14408,70,,,,,14407.5,0.0
2,77200,ROSES,14409,52,,,,,14410,52,,,,,14409.5,0.0
2,77300,ROSES,14408,30,14407.0,35.0,,,14409,65,,,,,14408.5,0.0
2,77400,ROSES,14409,78,,,,,14410,30,14411.0,48.0,,,14409.5,0.0
2,77500,ROSES,14412,60,,,,,14414,60,,,,,14413.0,0.0
2,77600,ROSES,14417,62,,,,,14418,62,,,,,14417.5,0.0
2,77700,ROSES,14412,57,,,,,14414,57,,,,,14413.0,0.0
2,77800,ROSES,14412,57,,,,,14414,57,,,,,14413.0,0.0
2,77900,ROSES,14409,58,,,,,14411,58,,,,,14410.0,0.0
2,78000,ROSES,14411,68,,,,,14413,68,,,,,14412.0,0.0
2,78100,ROSES,14412,68,,,,,14413,20,14414.0,48.0,,,14412.5,0.0
2,78200,ROSES,14412,55,,,,,14414,55,,,,,14413.0,0.0
2,78300,ROSES,14411,74,,,,,14412,74,,,,,14411.5,0.0
2,78400,ROSES,14408,75,,,,,14410,75,,,,,14409.0,0.0
2,78500,ROSES,14404,54,,,,,14405,54,,,,,14404.5,0.0
2,78600,ROSES,14407,61,,,,,14408,61,,,,,14407.5,0.0
2,78700,ROSES,14406,63,,,,,14408,63,,,,,14407.0,0.0
2,78800,ROSES,14407,22,14406.0,30.0,,,14408,52,,,,,14407.5,0.0
2,78900,ROSES,14408,23,14407.0,36.0,,,14409,59,,,,,14408.5,0.0
2,79000,ROSES,14410,64,,,,,14411,64,,,,,14410.5,0.0
2,79100,ROSES,14415,69,,,,,14416,24,14417.0,45.0,,,14415.5,0.0
2,79200,ROSES,14415,57,,,,,14416,57,,,,,14415.5,0.0
2,79300,ROSES,14417,26,14416.0,48.0,,,14418,74,,,,,14417.5,0.0
2,79400,ROSES,14412,64,,,,,14414,64,,,,,14413.0,0.0
2,79500,ROSES,14411,76,,,,,14413,76,,,,,14412.0,0.0
2,79600,ROSES,14410,19,14409.0,49.0,,,14411,68,,,,,14410.5,0.0
2,79700,ROSES,14408,65,,,,,14409,18,14410.0,47.0,,,14408.5,0.0
2,79800,ROSES,14411,53,,,,,14413,53,,,,,14412.0,0.0
2,79900,ROSES,14412,62,,,,,14413,62,,,,,14412.5,0.0
2,80000,ROSES,14412,61,,,,,14413,30,14414.0,31.0,,,14412.5,0.0
2,80100,ROSES,14412,57,,,,,14414,57,,,,,14413.0,0.0
2,80200,ROSES,14412,50,,,,,14413,50,,,,,14412.5,0.0
2,80300,ROSES,14411,60,,,,,14413,60,,,,,14412.0,0.0
2,80400,ROSES,14410,72,,,,,14411,72,,,,,14410.5,0.0
2,80500,ROSES,14408,70,,,,,14410,70,,,,,14409.0,0.0
2,80600,ROSES,14407,61,,,,,14409,61,,,,,14408.0,0.0
2,80700,ROSES,14407,74,,,,,14408,24,14409.0,50.0,,,14407.5,0.0
2,80800,ROSES,14402,55,,,,,14403,18,14404.0,37.0,,,14402.5,0.0
2,80900,ROSES,14402,68,,,,,14404,68,,,,,14403.0,0.0
2,81000,ROSES,14402,47,,,,,14404,47,,,,,14403.0,0.0
2,81100,ROSES,14404,60,,,,,14405,60,,,,,14404.5,0.0
2,81200,ROSES,14401,53,,,,,14402,53,,,,,14401.5,0.0
2,81300,ROSES,14398,59,,,,,14400,59,,,,,14399.0,0.0
2,81400,ROSES,14401,15,14400.0,48.0,,,14402,63,,,,,14401.5,0.0
2,81500,ROSES,14399,63,,,,,14400,63,,,,,14399.5,0.0
2,81600,ROSES,14400,68,,,,,14402,68,,,,,14401.0,0.0
2,81700,ROSES,14399,15,14398.0,40.0,,,14400,55,,,,,14399.5,0.0
2,81800,ROSES,14395,70,,,,,14397,70,,,,,14396.0,0.0
2,81900,ROSES,14392,29,14391.0,34.0,,,14393,63,,,,,14392.5,0.0
2,82000,ROSES,14390,67,,,,,14391,22,14392.0,45.0,,,14390.5,0.0
2,82100,ROSES,14389,75,,,,,14390,75,,,,,14389.5,0.0
2,82200,ROSES,14386,61,,,,,14387,61,,,,,14386.5,0.0
2,82300,ROSES,14390,72,,,,,14391,72,,,,,14390.5,0.0
2,82400,ROSES,14390,56,,,,,14391,56,,,,,14390.5,0.0
2,82500,ROSES,14388,15,14387.0,50.0,,,14389,65,,,,,14388.5,0.0
2,82600,ROSES,14392,58,,,,,14393,58,,,,,14392.5,0.0
2,82700,ROSES,14394,61,,,,,14395,25,14396.0,36.0,,,14394.5,0.0
2,82800,ROSES,14392,73,,,,,14393,29,14394.0,44.0,,,14392.5,0.0
2,82900,ROSES,14390,20,14389.0,42.0,,,14391,62,,,,,14390.5,0.0
2,83000,ROSES,14389,56,,,,,14390,18,14391.0,38.0,,,14389.5,0.0
2,83100,ROSES,14391,53,,,,,14393,53,,,,,14392.0,0.0
2,83200,ROSES,14388,15,14387.0,45.0,,,14389,60,,,,,14388.5,0.0
2,83300,ROSES,14391,61,,,,,14392,61,,,,,14391.5,0.0
2,83400,ROSES,14390,59,,,,,14391,59,,,,,14390.5,0.0
2,83500,ROSES,14392,50,,,,,14394,50,,,,,14393.0,0.0
2,83600,ROSES,14392,85,,,,,14393,25,14394.0,50.0,,,14392.5,0.0
2,83700,ROSES,14393,59,,,,,14395,59,,,,,14394.0,0.0
2,83800,ROSES,14395,57,,,,,14397,57,,,,,14396.0,0.0
2,83900,ROSES,14399,63,,,,,14400,63,,,,,14399.5,0.0
2,84000,ROSES,14397,63,,,,,14398,30,14399.0,33.0,,,14397.5,0.0
2,84100,ROSES,14402,71,,,,,14404,71,,,,,14403.0,0.0
2,84200,ROSES,14399,59,,,,,14400,21,14401.0,38.0,,,14399.5,0.0
2,84300,ROSES,14400,64,,,,,14401,15,14402.0,49.0,,,14400.5,0.0
2,84400,ROSES,14402,52,,,,,14403,20,14404.0,32.0,,,14402.5,0.0
2,84500,ROSES,14402,65,,,,,14404,65,,,,,14403.0,0.0
2,84600,ROSES,14405,65,,,,,14406,65,,,,,14405.5,0.0
2,84700,ROSES,14401,16,14400.0,44.0,,,14402,60,,,,,14401.5,0.0
2,84800,ROSES,14401,18,14400.0,36.0,,,14402,54,,,,,14401.5,0.0
2,84900,ROSES,14403,71,,,,,14405,71,,,,,14404.0,0.0
2,85000,ROSES,14404,22,14403.0,47.0,,,14405,69,,,,,14404.5,0.0
2,85100,ROSES,14401,52,,,,,14402,52,,,,,14401.5,0.0
2,85200,ROSES,14401,63,,,,,14403,63,,,,,14402.0,0.0
2,85300,ROSES,14402,50,,,,,14403,17,14404.0,33.0,,,14402.5,0.0
2,85400,ROSES,14400,16,14399.0,30.0,,,14401,46,,,,,14400.5,0.0
2,85500,ROSES,14403,62,,,,,14405,62,,,,,14404.0,0.0
2,85600,ROSES,14402,61,,,,,14403,61,,,,,14402.5,0.0
2,85700,ROSES,14399,63,,,,,14401,63,,,,,14400.0,0.0
2,85800,ROSES,14400,47,,,,,14401,47,,,,,14400.5,0.0
2,85900,ROSES,14398,64,,,,,14399,21,14400.0,43.0,,,14398.5,0.0
2,86000,ROSES,14398,79,,,,,14399,79,,,,,14398.5,0.0
2,86100,ROSES,14399,30,14398.0,42.0,,,14400,72,,,,,14399.5,0.0
2,86200,ROSES,14398,22,14397.0,34.0,,,14399,56,,,,,14398.5,0.0
2,86300,ROSES,14399,61,,,,,14401,61,,,,,14400.0,0.0
2,86400,ROSES,14400,62,,,,,14402,62,,,,,14401.0,0.0
2,86500,ROSES,14404,55,,,,,14405,55,,,,,14404.5,0.0
2,86600,ROSES,14401,61,,,,,14403,61,,,,,14402.0,0.0
2,86700,ROSES,14402,21,14401.0,41.0,,,14403,62,,,,,14402.5,0.0
2,86800,ROSES,14402,53,,,,,14404,53,,,,,14403.0,0.0
2,86900,ROSES,14403,65,,,,,14405,65,,,,,14404.0,0.0
2,87000,ROSES,14398,52,,,,,14399,52,,,,,14398.5,0.0
2,87100,ROSES,14395,61,,,,,14397,61,,,,,14396.0,0.0
2,87200,ROSES,14396,61,,,,,14398,61,,,,,14397.0,0.0
2,87300,ROSES,14398,56,,,,,14399,56,,,,,14398.5,0.0
2,87400,ROSES,14398,70,,,,,14400,70,,,,,14399.0,0.0
2,87500,ROSES,14399,71,,,,,14400,71,,,,,14399.5,0.0
2,87600,ROSES,14402,59,,,,,14404,59,,,,,14403.0,0.0
2,87700,ROSES,14402,15,14401.0,39.0,,,14403,54,,,,,14402.5,0.0
2,87800,ROSES,14400,26,14399.0,45.0,,,14401,71,,,,,14400.5,0.0
2,87900,ROSES,14404,76,,,,,14405,76,,,,,14404.5,0.0
2,88000,ROSES,14406,18,14405.0,41.0,,,14407,64,,,,,14406.5,0.0
2,88100,ROSES,14405,58,,,,,14407,58,,,,,14406.0,0.0
2,88200,ROSES,14404,24,14403.0,37.0,,,14405,61,,,,,14404.5,0.0
2,88300,ROSES,14408,65,,,,,14409,15,14410.0,50.0,,,14408.5,0.0
2,88400,ROSES,14408,24,14407.0,31.0,,,14409,55,,,,,14408.5,0.0
2,88500,ROSES,14406,27,14405.0,41.0,,,14407,68,,,,,14406.5,0.0
2,88600,ROSES,14409,69,,,,,14411,69,,,,,14410.0,0.0
2,88700,ROSES,14405,69,,,,,14407,69,,,,,14406.0,0.0
2,88800,ROSES,14405,53,,,,,14407,53,,,,,14406.0,0.0
2,88900,ROSES,14407,48,,,,,14408,17,14409.0,31.0,,,14407.5,0.0
2,89000,ROSES,14406,56,,,,,14408,56,,,,,14407.0,0.0
2,89100,ROSES,14405,65,,,,,14407,65,,,,,14406.0,0.0
2,89200,ROSES,14407,25,14406.0,33.0,,,14408,58,,,,,14407.5,0.0
2,89300,ROSES,14404,24,14403.0,40.0,,,14405,64,,,,,14404.5,0.0
2,89400,ROSES,14403,65,,,,,14404,21,14405.0,44.0,,,14403.5,0.0
2,89500,ROSES,14405,64,,,,,14407,64,,,,,14406.0,0.0
2,89600,ROSES,14403,28,14402.0,37.0,,,14404,65,,,,,14403.5,0.0
2,89700,ROSES,14406,63,,,,,14408,63,,,,,14407.0,0.0
2,89800,ROSES,14406,68,,,,,14407,27,14408.0,41.0,,,14406.5,0.0
2,89900,ROSES,14406,60,,,,,14407,27,14408.0,33.0,,,14406.5,0.0
2,90000,ROSES,14405,70,,,,,14406,70,,,,,14405.5,0.0
2,90100,ROSES,14407,19,14406.0,49.0,,,14408,68,,,,,14407.5,0.0
2,90200,ROSES,14406,28,14405.0,44.0,,,14407,72,,,,,14406.5,0.0
2,90300,ROSES,14406,65,,,,,14408,65,,,,,14407.0,0.0
2,90400,ROSES,14410,72,,,,,14411,72,,,,,14410.5,0.0
2,90500,ROSES,14413,71,,,,,14415,71,,,,,14414.0,0.0
2,90600,ROSES,14410,27,14409.0,34.0,,,14411,54,,,,,14410.5,0.0
2,90700,ROSES,14413,49,,,,,14415,49,,,,,14414.0,0.0
2,90800,ROSES,14412,49,,,,,14413,15,14414.0,34.0,,,14412.5,0.0
2,90900,ROSES,14413,52,,,,,14414,15,14415.0,37.0,,,14413.5,0.0
2,91000,ROSES,14414,35,14413.0,30.0,,,14415,56,,,,,14414.5,0.0
2,91100,ROSES,14415,25,14414.0,30.0,,,14416,55,,,,,14415.5,0.0
2,91200,ROSES,14413,62,,,,,14414,30,14415.0,32.0,,,14413.5,0.0
2,91300,ROSES,14415,73,,,,,14416,73,,,,,14415.5,0.0
2,91400,ROSES,14418,57,,,,,14419,57,,,,,14418.5,0.0
2,91500,ROSES,14416,59,,,,,14418,59,,,,,14417.0,0.0
2,91600,ROSES,14417,26,14416.0,35.0,,,14418,61,,,,,14417.5,0.0
2,91700,ROSES,14419,66,,,,,14420,66,,,,,14419.5,0.0
2,91800,ROSES,14422,50,,,,,14423,50,,,,,14422.5,0.0
2,91900,ROSES,14423,72,,,,,14424,30,14425.0,42.0,,,14423.5,0.0
2,92000,ROSES,14424,50,,,,,14425,50,,,,,14424.5,0.0
2,92100,ROSES,14425,56,,,,,14427,56,,,,,14426.0,0.0
2,92200,ROSES,14425,23,14424.0,46.0,,,14426,69,,,,,14425.5,0.0
2,92300,ROSES,14426,72,,,,,14427,72,,,,,14426.5,0.0
2,92400,ROSES,14425,71,,,,,14426,27,14427.0,44.0,,,14425.5,0.0
2,92500,ROSES,14424,62,,,,,14426,62,,,,,14425.0,0.0
2,92600,ROSES,14418,56,,,,,14420,56,,,,,14419.0,0.0
2,92700,ROSES,14414,30,14413.0,30.0,,,14415,60,,,,,14414.5,0.0
2,92800,ROSES,14415,72,,,,,14416,72,,,,,14415.5,0.0
2,92900,ROSES,14417,52,,,,,14418,52,,,,,14417.5,0.0
2,93000,ROSES,14418,77,,,,,14420,77,,,,,14419.0,0.0
2,93100,ROSES,14419,69,,,,,14420,69,,,,,14419.5,0.0
2,93200,ROSES,14418,56,,,,,14419,23,14420.0,33.0,,,14418.5,0.0
2,93300,ROSES,14420,64,,,,,14421,64,,,,,14420.5,0.0
2,93400,ROSES,14419,65,,,,,14420,65,,,,,14419.5,0.0
2,93500,ROSES,14419,69,,,,,14420,23,14421.0,46.0,,,14419.5,0.0
2,93600,ROSES,14423,57,,,,,14425,57,,,,,14424.0,0.0
2,93700,ROSES,14420,20,14419.0,41.0,,,14421,61,,,,,14420.5,0.0
2,93800,ROSES,14418,63,,,,,14419,30,14420.0,33.0,,,14418.5,0.0
2,93900,ROSES,14418,25,14417.0,48.0,,,14419,73,,,,,14418.5,0.0
2,94000,ROSES,14413,22,14412.0,33.0,,,14414,55,,,,,14413.5,0.0
2,94100,ROSES,14410,28,14409.0,46.0,,,14411,74,,,,,14410.5,0.0
2,94200,ROSES,14413,15,14412.0,36.0,,,14414,54,,,,,14413.5,0.0
2,94300,ROSES,14414,80,,,,,14415,30,14416.0,50.0,,,14414.5,0.0
2,94400,ROSES,14414,63,,,,,14415,63,,,,,14414.5,0.0
2,94500,ROSES,14418,25,14417.0,48.0,,,14419,73,,,,,14418.5,0.0
2,94600,ROSES,14415,71,,,,,14416,28,14417.0,43.0,,,14415.5,0.0
2,94700,ROSES,14420,66,,,,,14422,66,,,,,14421.0,0.0
2,94800,ROSES,14420,56,,,,,14422,56,,,,,14421.0,0.0
2,94900,ROSES,14419,49,,,,,14420,49,,,,,14419.5,0.0
2,95000,ROSES,14422,61,,,,,14423,61,,,,,14422.5,0.0
2,95100,ROSES,14423,66,,,,,14425,66,,,,,14424.0,0.0
2,95200,ROSES,14424,73,,,,,14425,30,14426.0,43.0,,,14424.5,0.0
2,95300,ROSES,14424,55,,,,,14425,55,,,,,14424.5,0.0
2,95400,ROSES,14419,63,,,,,14420,27,14421.0,36.0,,,14419.5,0.0
2,95500,ROSES,14414,21,14413.0,42.0,,,14415,63,,,,,14414.5,0.0
2,95600,ROSES,14414,76,,,,,14415,76,,,,,14414.5,0.0
2,95700,ROSES,14417,27,14416.0,46.0,,,14418,73,,,,,14417.5,0.0
2,95800,ROSES,14415,24,14414.0,35.0,,,14416,59,,,,,14415.5,0.0
2,95900,ROSES,14415,67,,,,,14416,67,,,,,14415.5,0.0
2,96000,ROSES,14411,51,,,,,14412,51,,,,,14411.5,0.0
2,96100,ROSES,14407,62,,,,,14408,62,,,,,14407.5,0.0
2,96200,ROSES,14407,60,,,,,14408,60,,,,,14407.5,0.0
2,96300,ROSES,14409,69,,,,,14410,69,,,,,14409.5,0.0
2,96400,ROSES,14411,68,,,,,14412,68,,,,,14411.5,0.0
2,96500,ROSES,14414,74,,,,,14415,24,14416.0,50.0,,,14414.5,0.0
2,96600,ROSES,14412,68,,,,,14413,20,14414.0,48.0,,,14412.5,0.0
2,96700,ROSES,14412,64,,,,,14413,64,,,,,14412.5,0.0
2,96800,ROSES,14414,54,,,,,14415,15,14416.0,39.0,,,14414.5,0.0
2,96900,ROSES,14411,57,,,,,14413,57,,,,,14412.0,0.0
2,97000,ROSES,14411,30,14410.0,42.0,,,14412,72,,,,,14411.5,0.0
2,97100,ROSES,14411,79,,,,,14412,79,,,,,14411.5,0.0
2,97200,ROSES,14411,63,,,,,14412,63,,,,,14411.5,0.0
2,97300,ROSES,14413,62,,,,,14414,28,14415.0,34.0,,,14413.5,0.0
2,97400,ROSES,14414,61,,,,,14416,61,,,,,14415.0,0.0
2,97500,ROSES,14413,61,,,,,14415,61,,,,,14414.0,0.0
2,97600,ROSES,14407,62,,,,,14408,19,14409.0,43.0,,,14407.5,0.0
2,97700,ROSES,14409,68,,,,,14411,68,,,,,14410.0,0.0
2,97800,ROSES,14412,65,,,,,14413,15,14414.0,44.0,,,14412.5,0.0
2,97900,ROSES,14414,15,14413.0,40.0,,,14415,55,,,,,14414.5,0.0
2,98000,ROSES,14415,23,14414.0,48.0,,,14416,71,,,,,14415.5,0.0
2,98100,ROSES,14416,69,,,,,14417,69,,,,,14416.5,0.0
2,98200,ROSES,14419,70,,,,,14421,70,,,,,14420.0,0.0
2,98300,ROSES,14418,50,,,,,14419,50,,,,,14418.5,0.0
2,98400,ROSES,14418,64,,,,,14419,64,,,,,14418.5,0.0
2,98500,ROSES,14415,59,,,,,14417,59,,,,,14416.0,0.0
2,98600,ROSES,14415,28,14414.0,39.0,,,14416,64,,,,,14415.5,0.0
2,98700,ROSES,14413,15,14412.0,42.0,,,14414,57,,,,,14413.5,0.0
2,98800,ROSES,14410,68,,,,,14412,68,,,,,14411.0,0.0
2,98900,ROSES,14405,62,,,,,14406,20,14407.0,42.0,,,14405.5,0.0
2,99000,ROSES,14405,56,,,,,14406,56,,,,,14405.5,0.0
2,99100,ROSES,14408,58,,,,,14409,58,,,,,14408.5,0.0
2,99200,ROSES,14400,53,,,,,14401,53,,,,,14400.5,0.0
2,99300,ROSES,14403,56,,,,,14405,56,,,,,14404.0,0.0
2,99400,ROSES,14403,51,,,,,14404,21,14405.0,30.0,,,14403.5,0.0
2,99500,ROSES,14402,5,14401.0,57.0,,,14403,57,,,,,14402.5,0.0
2,99600,ROSES,14402,59,,,,,14404,59,,,,,14403.0,0.0
2,99700,ROSES,14402,17,14401.0,46.0,,,14403,63,,,,,14402.5,0.0
2,99800,ROSES,14401,66,,,,,14403,66,,,,,14402.0,0.0
2,99900,ROSES,14405,78,,,,,14407,78,,,,,14406.0,0.0
2,100000,ROSES,14406,69,,,,,14407,69,,,,,14406.5,0.0
2,100100,ROSES,14407,58,,,,,14408,58,,,,,14407.5,0.0
2,100200,ROSES,14406,78,,,,,14407,29,14408.0,42.0,,,14406.5,0.0
2,100300,ROSES,14406,21,14405.0,47.0,,,14407,68,,,,,14406.5,0.0
2,100400,ROSES,14403,58,,,,,14405,58,,,,,14404.0,0.0
2,100500,ROSES,14403,72,,,,,14404,72,,,,,14403.5,0.0
2,100600,ROSES,14401,79,,,,,14402,74,,,,,14401.5,0.0
2,100700,ROSES,14404,47,,,,,14405,47,,,,,14404.5,0.0
2,100800,ROSES,14403,65,,,,,14405,65,,,,,14404.0,0.0
2,100900,ROSES,14405,67,,,,,14407,67,,,,,14406.0,0.0
2,101000,ROSES,14409,68,,,,,14410,68,,,,,14409.5,0.0
2,101100,ROSES,14412,20,14411.0,31.0,,,14413,51,,,,,14412.5,0.0
2,101200,ROSES,14410,52,,,,,14411,52,,,,,14410.5,0.0
2,101300,ROSES,14414,78,,,,,14416,78,,,,,14415.0,0.0
2,101400,ROSES,14409,65,,,,,14411,65,,,,,14410.0,0.0
2,101500,ROSES,14413,53,,,,,14414,23,14415.0,30.0,,,14413.5,0.0
2,101600,ROSES,14406,59,,,,,14408,59,,,,,14407.0,0.0
2,101700,ROSES,14404,58,,,,,14405,58,,,,,14404.5,0.0
2,101800,ROSES,14404,71,,,,,14405,71,,,,,14404.5,0.0
2,101900,ROSES,14402,57,,,,,14403,57,,,,,14402.5,0.0
2,102000,ROSES,14396,79,,,,,14397,30,14398.0,49.0,,,14396.5,0.0
2,102100,ROSES,14392,78,,,,,14393,29,14394.0,49.0,,,14392.5,0.0
2,102200,ROSES,14393,55,,,,,14394,55,,,,,14393.5,0.0
2,102300,ROSES,14388,73,,,,,14390,73,,,,,14389.0,0.0
2,102400,ROSES,14390,61,,,,,14391,61,,,,,14390.5,0.0
2,102500,ROSES,14393,63,,,,,14394,23,14395.0,40.0,,,14393.5,0.0
2,102600,ROSES,14397,28,14396.0,45.0,,,14398,73,,,,,14397.5,0.0
2,102700,ROSES,14397,74,,,,,14399,74,,,,,14398.0,0.0
2,102800,ROSES,14397,63,,,,,14399,63,,,,,14398.0,0.0
2,102900,ROSES,14396,57,,,,,14397,21,14398.0,36.0,,,14396.5,0.0
2,103000,ROSES,14404,19,14403.0,42.0,,,14405,61,,,,,14404.5,0.0
2,103100,ROSES,14407,62,,,,,14408,62,,,,,14407.5,0.0
2,103200,ROSES,14408,66,,,,,14410,66,,,,,14409.0,0.0
2,103300,ROSES,14409,70,,,,,14411,70,,,,,14410.0,0.0
2,103400,ROSES,14412,49,,,,,14414,49,,,,,14413.0,0.0
2,103500,ROSES,14407,65,,,,,14408,25,14409.0,40.0,,,14407.5,0.0
2,103600,ROSES,14409,68,,,,,14411,68,,,,,14410.0,0.0
2,103700,ROSES,14408,64,,,,,14409,64,,,,,14408.5,0.0
2,103800,ROSES,14402,24,14401.0,40.0,,,14403,64,,,,,14402.5,0.0
2,103900,ROSES,14405,15,14404.0,42.0,,,14406,57,,,,,14405.5,0.0
2,104000,ROSES,14403,16,14402.0,32.0,,,14404,48,,,,,14403.5,0.0
2,104100,ROSES,14404,74,,,,,14405,74,,,,,14404.5,0.0
2,104200,ROSES,14402,60,,,,,14403,60,,,,,14402.5,0.0
2,104300,ROSES,14401,30,14400.0,42.0,,,14402,72,,,,,14401.5,0.0
2,104400,ROSES,14405,65,,,,,14406,15,14407.0,50.0,,,14405.5,0.0
2,104500,ROSES,14406,72,,,,,14407,72,,,,,14406.5,0.0
2,104600,ROSES,14407,59,,,,,14408,59,,,,,14407.5,0.0
2,104700,ROSES,14403,71,,,,,14404,71,,,,,14403.5,0.0
2,104800,ROSES,14405,56,,,,,14406,24,14407.0,32.0,,,14405.5,0.0
2,104900,ROSES,14403,54,,,,,14405,54,,,,,14404.0,0.0
2,105000,ROSES,14405,55,,,,,14406,55,,,,,14405.5,0.0
2,105100,ROSES,14402,53,,,,,14403,53,,,,,14402.5,0.0
2,105200,ROSES,14403,67,,,,,14404,67,,,,,14403.5,0.0
2,105300,ROSES,14404,75,,,,,14406,75,,,,,14405.0,0.0
2,105400,ROSES,14401,25,14400.0,41.0,,,14402,66,,,,,14401.5,0.0
2,105500,ROSES,14402,4,14401.0,63.0,,,14403,63,,,,,14402.5,0.0
2,105600,ROSES,14399,51,,,,,14400,51,,,,,14399.5,0.0
2,105700,ROSES,14402,63,,,,,14404,68,,,,,14403.0,0.0
2,105800,ROSES,14403,56,,,,,14405,56,,,,,14404.0,0.0
2,105900,ROSES,14403,60,,,,,14405,60,,,,,14404.0,0.0
2,106000,ROSES,14412,22,14411.0,36.0,,,14413,58,,,,,14412.5,0.0
2,106100,ROSES,14414,69,,,,,14415,69,,,,,14414.5,0.0
2,106200,ROSES,14413,69,,,,,14414,69,,,,,14413.5,0.0
2,106300,ROSES,14415,63,,,,,14417,63,,,,,14416.0,0.0
2,106400,ROSES,14416,53,,,,,14417,20,14418.0,33.0,,,14416.5,0.0
2,106500,ROSES,14420,15,14419.0,44.0,,,14421,59,,,,,14420.5,0.0
2,106600,ROSES,14417,59,,,,,14418,22,14419.0,37.0,,,14417.5,0.0
2,106700,ROSES,14422,47,,,,,14424,47,,,,,14423.0,0.0
2,106800,ROSES,14421,69,,,,,14422,69,,,,,14421.5,0.0
2,106900,ROSES,14420,54,,,,,14421,54,,,,,14420.5,0.0
2,107000,ROSES,14418,64,,,,,14419,64,,,,,14418.5,0.0
2,107100,ROSES,14417,58,,,,,14418,21,14419.0,37.0,,,14417.5,0.0
2,107200,ROSES,14422,65,,,,,14424,65,,,,,14423.0,0.0
2,107300,ROSES,14423,62,,,,,14424,62,,,,,14423.5,0.0
2,107400,ROSES,14420,75,,,,,14421,28,14422.0,47.0,,,14420.5,0.0
2,107500,ROSES,14420,22,14419.0,30.0,,,14421,52,,,,,14420.5,0.0
2,107600,ROSES,14420,65,,,,,14422,65,,,,,14421.0,0.0
2,107700,ROSES,14423,58,,,,,14424,58,,,,,14423.5,0.0
2,107800,ROSES,14422,61,,,,,14423,17,14424.0,44.0,,,14422.5,0.0
2,107900,ROSES,14423,30,14422.0,40.0,,,14424,70,,,,,14423.5,0.0
2,108000,ROSES,14431,19,14430.0,33.0,,,14432,52,,,,,14431.5,0.0
2,108100,ROSES,14430,77,,,,,14431,27,14432.0,50.0,,,14430.5,0.0
2,108200,ROSES,14431,20,14430.0,42.0,,,14432,62,,,,,14431.5,0.0
2,108300,ROSES,14427,53,,,,,14429,53,,,,,14428.0,0.0
2,108400,ROSES,14430,66,,,,,14431,66,,,,,14430.5,0.0
2,108500,ROSES,14429,67,,,,,14430,67,,,,,14429.5,0.0
2,108600,ROSES,14434,22,14433.0,30.0,,,14435,52,,,,,14434.5,0.0
2,108700,ROSES,14437,60,,,,,14438,18,14439.0,42.0,,,14437.5,0.0
2,108800,ROSES,14439,54,,,,,14440,19,14441.0,35.0,,,14439.5,0.0
2,108900,ROSES,14438,66,,,,,14439,66,,,,,14438.5,0.0
2,109000,ROSES,14437,59,,,,,14438,59,,,,,14437.5,0.0
2,109100,ROSES,14436,68,,,,,14437,68,,,,,14436.5,0.0
2,109200,ROSES,14436,65,,,,,14438,65,,,,,14437.0,0.0
2,109300,ROSES,14435,58,,,,,14437,58,,,,,14436.0,0.0
2,109400,ROSES,14434,63,,,,,14435,63,,,,,14434.5,0.0
2,109500,ROSES,14434,49,,,,,14435,16,14436.0,33.0,,,14434.5,0.0
2,109600,ROSES,14434,57,,,,,14435,16,14436.0,35.0,,,14434.5,0.0
2,109700,ROSES,14433,63,,,,,14434,27,14435.0,36.0,,,14433.5,0.0
2,109800,ROSES,14436,17,14435.0,50.0,,,14437,67,,,,,14436.5,0.0
2,109900,ROSES,14439,17,14438.0,45.0,,,14440,62,,,,,14439.5,0.0
2,110000,ROSES,14437,70,,,,,14438,26,14439.0,44.0,,,14437.5,0.0
2,110100,ROSES,14443,69,,,,,14444,69,,,,,14443.5,0.0
2,110200,ROSES,14444,58,,,,,14445,58,,,,,14444.5,0.0
2,110300,ROSES,14447,72,,,,,14449,72,,,,,14448.0,0.0
2,110400,ROSES,14452,62,,,,,14454,62,,,,,14453.0,0.0
2,110500,ROSES,14449,19,14448.0,30.0,,,14450,49,,,,,14449.5,0.0
2,110600,ROSES,14450,63,,,,,14451,63,,,,,14450.5,0.0
2,110700,ROSES,14452,53,,,,,14454,53,,,,,14453.0,0.0
2,110800,ROSES,14456,68,,,,,14457,68,,,,,14456.5,0.0
2,110900,ROSES,14458,60,,,,,14459,60,,,,,14458.5,0.0
2,111000,ROSES,14461,28,14460.0,35.0,,,14462,63,,,,,14461.5,0.0
2,111100,ROSES,14457,37,14456.0,48.0,,,14458,77,,,,,14457.5,0.0
2,111200,ROSES,14454,63,,,,,14455,19,14456.0,44.0,,,14454.5,0.0
2,111300,ROSES,14456,18,14455.0,48.0,,,14457,66,,,,,14456.5,0.0
2,111400,ROSES,14450,65,,,,,14451,29,14452.0,36.0,,,14450.5,0.0
2,111500,ROSES,14449,71,,,,,14450,71,,,,,14449.5,0.0
2,111600,ROSES,14448,49,,,,,14450,49,,,,,14449.0,0.0
2,111700,ROSES,14449,59,,,,,14451,59,,,,,14450.0,0.0
2,111800,ROSES,14452,64,,,,,14453,64,,,,,14452.5,0.0
2,111900,ROSES,14452,51,,,,,14454,51,,,,,14453.0,0.0
2,112000,ROSES,14450,60,,,,,14452,60,,,,,14451.0,0.0
2,112100,ROSES,14448,66,,,,,14449,66,,,,,14448.5,0.0
2,112200,ROSES,14449,69,,,,,14450,69,,,,,14449.5,0.0
2,112300,ROSES,14450,60,,,,,14452,60,,,,,14451.0,0.0
2,112400,ROSES,14452,16,14451.0,44.0,,,14453,60,,,,,14452.5,0.0
2,112500,ROSES,14452,55,,,,,14453,55,,,,,14452.5,0.0
2,112600,ROSES,14452,55,,,,,14454,55,,,,,14453.0,0.0
2,112700,ROSES,14449,19,14448.0,31.0,,,14450,50,,,,,14449.5,0.0
2,112800,ROSES,14449,21,14448.0,45.0,,,14450,66,,,,,14449.5,0.0
2,112900,ROSES,14451,21,14450.0,45.0,,,14452,66,,,,,14451.5,0.0
2,113000,ROSES,14448,26,14447.0,44.0,,,14449,70,,,,,14448.5,0.0
2,113100,ROSES,14449,58,,,,,14450,58,,,,,14449.5,0.0
2,113200,ROSES,14451,59,,,,,14452,59,,,,,14451.5,0.0
2,113300,ROSES,14457,73,,,,,14458,30,14459.0,43.0,,,14457.5,0.0
2,113400,ROSES,14457,67,,,,,14458,61,,,,,14457.5,0.0
2,113500,ROSES,14456,73,,,,,14458,73,,,,,14457.0,0.0
2,113600,ROSES,14453,72,,,,,14454,28,14455.0,44.0,,,14453.5,0.0
2,113700,ROSES,14450,51,,,,,14451,16,14452.0,35.0,,,14450.5,0.0
2,113800,ROSES,14446,65,,,,,14447,58,,,,,14446.5,0.0
2,113900,ROSES,14441,79,,,,,14442,29,14443.0,50.0,,,14441.5,0.0
2,114000,ROSES,14443,60,,,,,14444,60,,,,,14443.5,0.0
2,114100,ROSES,14443,66,,,,,14444,28,14445.0,38.0,,,14443.5,0.0
2,114200,ROSES,14444,76,,,,,14445,65,,,,,14444.5,0.0
2,114300,ROSES,14440,30,14439.0,46.0,,,14441,76,,,,,14440.5,0.0
2,114400,ROSES,14434,62,,,,,14435,15,14436.0,47.0,,,14434.5,0.0
2,114500,ROSES,14429,58,,,,,14431,58,,,,,14430.0,0.0
2,114600,ROSES,14434,60,,,,,14435,60,,,,,14434.5,0.0
2,114700,ROSES,14437,76,,,,,14438,76,,,,,14437.5,0.0
2,114800,ROSES,14433,54,,,,,14435,57,,,,,14434.0,0.0
2,114900,ROSES,14434,30,14433.0,40.0,,,14435,70,,,,,14434.5,0.0
2,115000,ROSES,14434,66,,,,,14435,19,14436.0,47.0,,,14434.5,0.0
2,115100,ROSES,14432,26,14431.0,38.0,,,14433,64,,,,,14432.5,0.0
2,115200,ROSES,14430,63,,,,,14431,63,,,,,14430.5,0.0
2,115300,ROSES,14432,61,,,,,14434,61,,,,,14433.0,0.0
2,115400,ROSES,14435,11,14434.0,61.0,,,14436,61,,,,,14435.5,0.0
2,115500,ROSES,14437,52,,,,,14438,52,,,,,14437.5,0.0
2,115600,ROSES,14438,52,,,,,14439,52,,,,,14438.5,0.0
2,115700,ROSES,14438,74,,,,,14440,67,,,,,14439.0,0.0
2,115800,ROSES,14440,19,14439.0,47.0,,,14441,66,,,,,14440.5,0.0
2,115900,ROSES,14439,70,,,,,14441,70,,,,,14440.0,0.0
2,116000,ROSES,14444,73,,,,,14445,73,,,,,14444.5,0.0
2,116100,ROSES,14445,23,14444.0,41.0,,,14446,64,,,,,14445.5,0.0
2,116200,ROSES,14446,73,,,,,14447,25,14448.0,48.0,,,14446.5,0.0
2,116300,ROSES,14446,58,,,,,14447,58,,,,,14446.5,0.0
2,116400,ROSES,14444,58,,,,,14446,58,,,,,14445.0,0.0
2,116500,ROSES,14444,66,,,,,14445,29,14446.0,37.0,,,14444.5,0.0
2,116600,ROSES,14443,68,,,,,14445,68,,,,,14444.0,0.0
2,116700,ROSES,14441,69,,,,,14443,69,,,,,14442.0,0.0
2,116800,ROSES,14444,19,14443.0,40.0,,,14445,59,,,,,14444.5,0.0
2,116900,ROSES,14449,59,,,,,14450,29,14451.0,30.0,,,14449.5,0.0
2,117000,ROSES,14450,70,,,,,14451,70,,,,,14450.5,0.0
2,117100,ROSES,14450,28,14449.0,38.0,,,14451,66,,,,,14450.5,0.0
2,117200,ROSES,14448,66,,,,,14449,66,,,,,14448.5,0.0
2,117300,ROSES,14444,50,,,,,14445,50,,,,,14444.5,0.0
2,117400,ROSES,14446,23,14445.0,31.0,,,14447,54,,,,,14446.5,0.0
2,117500,ROSES,14447,60,,,,,14449,60,,,,,14448.0,0.0
2,117600,ROSES,14445,65,,,,,14447,65,,,,,14446.0,0.0
2,117700,ROSES,14446,30,14445.0,42.0,,,14447,72,,,,,14446.5,0.0
2,117800,ROSES,14443,79,,,,,14445,79,,,,,14444.0,0.0
2,117900,ROSES,14447,65,,,,,14449,65,,,,,14448.0,0.0
2,118000,ROSES,14448,56,,,,,14449,56,,,,,14448.5,0.0
2,118100,ROSES,14449,73,,,,,14450,30,14451.0,43.0,,,14449.5,0.0
2,118200,ROSES,14454,67,,,,,14455,67,,,,,14454.5,0.0
2,118300,ROSES,14448,65,,,,,14449,65,,,,,14448.5,0.0
2,118400,ROSES,14449,78,,,,,14450,29,14451.0,49.0,,,14449.5,0.0
2,118500,ROSES,14450,45,,,,,14451,45,,,,,14450.5,0.0
2,118600,ROSES,14449,57,,,,,14451,57,,,,,14450.0,0.0
2,118700,ROSES,14449,54,,,,,14451,54,,,,,14450.0,0.0
2,118800,ROSES,14453,64,,,,,14454,64,,,,,14453.5,0.0
2,118900,ROSES,14451,51,,,,,14453,51,,,,,14452.0,0.0
2,119000,ROSES,14450,29,14449.0,47.0,,,14451,76,,,,,14450.5,0.0
2,119100,ROSES,14454,53,,,,,14456,53,,,,,14455.0,0.0
2,119200,ROSES,14457,70,,,,,14459,70,,,,,14458.0,0.0
2,119300,ROSES,14459,57,,,,,14460,57,,,,,14459.5,0.0
2,119400,ROSES,14461,66,,,,,14462,24,14463.0,42.0,,,14461.5,0.0
2,119500,ROSES,14461,74,,,,,14463,74,,,,,14462.0,0.0
2,119600,ROSES,14461,58,,,,,14462,58,,,,,14461.5,0.0
2,119700,ROSES,14461,24,14460.0,43.0,,,14462,67,,,,,14461.5,0.0
2,119800,ROSES,14462,19,14461.0,50.0,,,14463,69,,,,,14462.5,0.0
2,119900,ROSES,14460,49,,,,,14462,49,,,,,14461.0,0.0
2,120000,ROSES,14456,60,,,,,14458,60,,,,,14457.0,0.0
2,120100,ROSES,14456,57,,,,,14457,19,14458.0,38.0,,,14456.5,0.0
2,120200,ROSES,14457,57,,,,,14458,21,14459.0,36.0,,,14457.5,0.0
2,120300,ROSES,14457,64,,,,,14458,64,,,,,14457.5,0.0
2,120400,ROSES,14459,73,,,,,14460,73,,,,,14459.5,0.0
2,120500,ROSES,14460,57,,,,,14461,57,,,,,14460.5,0.0
2,120600,ROSES,14463,23,14462.0,46.0,,,14464,69,,,,,14463.5,0.0
2,120700,ROSES,14463,60,,,,,14464,24,14465.0,36.0,,,14463.5,0.0
2,120800,ROSES,14463,75,,,,,14464,75,,,,,14463.5,0.0
2,120900,ROSES,14465,21,14464.0,48.0,,,14466,69,,,,,14465.5,0.0
2,121000,ROSES,14467,71,,,,,14468,23,14469.0,48.0,,,14467.5,0.0
2,121100,ROSES,14466,64,,,,,14467,28,14468.0,36.0,,,14466.5,0.0
2,121200,ROSES,14464,52,,,,,14465,52,,,,,14464.5,0.0
2,121300,ROSES,14468,68,,,,,14469,68,,,,,14468.5,0.0
2,121400,ROSES,14467,30,14466.0,48.0,,,14468,78,,,,,14467.5,0.0
2,121500,ROSES,14468,19,14467.0,39.0,,,14469,58,,,,,14468.5,0.0
2,121600,ROSES,14467,23,14466.0,42.0,,,14468,65,,,,,14467.5,0.0
2,121700,ROSES,14467,51,,,,,14469,51,,,,,14468.0,0.0
2,121800,ROSES,14471,66,,,,,14473,66,,,,,14472.0,0.0
2,121900,ROSES,14476,67,,,,,14477,25,14478.0,42.0,,,14476.5,0.0
2,122000,ROSES,14473,28,14472.0,41.0,,,14474,69,,,,,14473.5,0.0
2,122100,ROSES,14469,55,,,,,14470,21,14471.0,34.0,,,14469.5,0.0
2,122200,ROSES,14460,69,,,,,14461,20,14462.0,49.0,,,14460.5,0.0
2,122300,ROSES,14462,68,,,,,14463,61,,,,,14462.5,0.0
2,122400,ROSES,14466,64,,,,,14468,64,,,,,14467.0,0.0
2,122500,ROSES,14467,70,,,,,14469,70,,,,,14468.0,0.0
2,122600,ROSES,14467,28,14466.0,50.0,,,14468,78,,,,,14467.5,0.0
2,122700,ROSES,14469,56,,,,,14470,26,14471.0,30.0,,,14469.5,0.0
2,122800,ROSES,14467,23,14466.0,43.0,,,14468,66,,,,,14467.5,0.0
2,122900,ROSES,14469,27,14468.0,37.0,,,14470,59,,,,,14469.5,0.0
2,123000,ROSES,14472,70,,,,,14474,70,,,,,14473.0,0.0
2,123100,ROSES,14476,59,,,,,14477,59,,,,,14476.5,0.0
2,123200,ROSES,14478,61,,,,,14479,25,14480.0,36.0,,,14478.5,0.0
2,123300,ROSES,14477,58,,,,,14478,58,,,,,14477.5,0.0
2,123400,ROSES,14476,61,,,,,14477,28,14478.0,33.0,,,14476.5,0.0
2,123500,ROSES,14474,75,,,,,14475,75,,,,,14474.5,0.0
2,123600,ROSES,14479,69,,,,,14480,19,14481.0,50.0,,,14479.5,0.0
2,123700,ROSES,14483,24,14482.0,43.0,,,14484,67,,,,,14483.5,0.0
2,123800,ROSES,14483,24,14482.0,46.0,,,14484,70,,,,,14483.5,0.0
2,123900,ROSES,14483,16,14482.0,34.0,,,14484,50,,,,,14483.5,0.0
2,124000,ROSES,14483,62,,,,,14485,62,,,,,14484.0,0.0
2,124100,ROSES,14482,57,,,,,14483,57,,,,,14482.5,0.0
2,124200,ROSES,14483,72,,,,,14485,72,,,,,14484.0,0.0
2,124300,ROSES,14485,62,,,,,14486,62,,,,,14485.5,0.0
2,124400,ROSES,14486,57,,,,,14487,18,14488.0,39.0,,,14486.5,0.0
2,124500,ROSES,14486,71,,,,,14488,71,,,,,14487.0,0.0
2,124600,ROSES,14480,72,,,,,14481,72,,,,,14480.5,0.0
2,124700,ROSES,14480,18,14479.0,48.0,,,14481,66,,,,,14480.5,0.0
2,124800,ROSES,14476,60,,,,,14477,60,,,,,14476.5,0.0
2,124900,ROSES,14472,23,14471.0,39.0,,,14473,62,,,,,14472.5,0.0
2,125000,ROSES,14478,72,,,,,14479,72,,,,,14478.5,0.0
2,125100,ROSES,14477,29,14476.0,38.0,,,14478,67,,,,,14477.5,0.0
2,125200,ROSES,14476,68,,,,,14478,68,,,,,14477.0,0.0
2,125300,ROSES,14476,29,14475.0,31.0,,,14477,60,,,,,14476.5,0.0
2,125400,ROSES,14473,51,,,,,14475,51,,,,,14474.0,0.0
2,125500,ROSES,14478,63,,,,,14479,63,,,,,14478.5,0.0
2,125600,ROSES,14473,59,,,,,14474,23,14475.0,36.0,,,14473.5,0.0
2,125700,ROSES,14475,20,14474.0,44.0,,,14476,64,,,,,14475.5,0.0
2,125800,ROSES,14473,63,,,,,14474,16,14475.0,47.0,,,14473.5,0.0
2,125900,ROSES,14477,28,14476.0,38.0,,,14478,66,,,,,14477.5,0.0
2,126000,ROSES,14479,53,,,,,14480,17,14481.0,36.0,,,14479.5,0.0
2,126100,ROSES,14479,54,,,,,14481,54,,,,,14480.0,0.0
2,126200,ROSES,14475,67,,,,,14477,67,,,,,14476.0,0.0
2,126300,ROSES,14478,26,14477.0,45.0,,,14479,71,,,,,14478.5,0.0
2,126400,ROSES,14480,57,,,,,14482,57,,,,,14481.0,0.0
2,126500,ROSES,14482,75,,,,,14484,75,,,,,14483.0,0.0
2,126600,ROSES,14482,21,14481.0,33.0,,,14483,54,,,,,14482.5,0.0
2,126700,ROSES,14483,65,,,,,14485,65,,,,,14484.0,0.0
2,126800,ROSES,14481,59,,,,,14483,59,,,,,14482.0,0.0
2,126900,ROSES,14482,66,,,,,14484,66,,,,,14483.0,0.0
2,127000,ROSES,14483,57,,,,,14485,57,,,,,14484.0,0.0
2,127100,ROSES,14483,66,,,,,14484,66,,,,,14483.5,0.0
2,127200,ROSES,14480,62,,,,,14482,62,,,,,14481.0,0.0
2,127300,ROSES,14480,58,,,,,14481,58,,,,,14480.5,0.0
2,127400,ROSES,14478,15,14477.0,41.0,,,14479,56,,,,,14478.5,0.0
2,127500,ROSES,14474,74,,,,,14476,74,,,,,14475.0,0.0
2,127600,ROSES,14477,57,,,,,14479,57,,,,,14478.0,0.0
2,127700,ROSES,14477,66,,,,,14478,29,14479.0,37.0,,,14477.5,0.0
2,127800,ROSES,14476,67,,,,,14477,67,,,,,14476.5,0.0
2,127900,ROSES,14474,66,,,,,14476,66,,,,,14475.0,0.0
2,128000,ROSES,14476,52,,,,,14477,52,,,,,14476.5,0.0
2,128100,ROSES,14475,68,,,,,14476,68,,,,,14475.5,0.0
2,128200,ROSES,14473,65,,,,,14474,23,14475.0,42.0,,,14473.5,0.0
2,128300,ROSES,14474,66,,,,,14475,66,,,,,14474.5,0.0
2,128400,ROSES,14474,58,,,,,14476,58,,,,,14475.0,0.0
2,128500,ROSES,14472,62,,,,,14473,15,14474.0,47.0,,,14472.5,0.0
2,128600,ROSES,14469,70,,,,,14471,70,,,,,14470.0,0.0
2,128700,ROSES,14473,53,,,,,14474,53,,,,,14473.5,0.0
2,128800,ROSES,14472,78,,,,,14474,78,,,,,14473.0,0.0
2,128900,ROSES,14476,16,14475.0,35.0,,,14477,51,,,,,14476.5,0.0
2,129000,ROSES,14477,74,,,,,14479,74,,,,,14478.0,0.0
2,129100,ROSES,14477,63,,,,,14478,26,14479.0,37.0,,,14477.5,0.0
2,129200,ROSES,14477,28,14476.0,39.0,,,14478,67,,,,,14477.5,0.0
2,129300,ROSES,14481,53,,,,,14482,15,14483.0,38.0,,,14481.5,0.0
2,129400,ROSES,14479,70,,,,,14481,70,,,,,14480.0,0.0
2,129500,ROSES,14478,59,,,,,14480,59,,,,,14479.0,0.0
2,129600,ROSES,14476,54,,,,,14478,54,,,,,14477.0,0.0
2,129700,ROSES,14476,58,,,,,14477,58,,,,,14476.5,0.0
2,129800,ROSES,14473,68,,,,,14475,68,,,,,14474.0,0.0
2,129900,ROSES,14474,47,,,,,14475,47,,,,,14474.5,0.0
2,130000,ROSES,14471,29,14470.0,34.0,,,14472,63,,,,,14471.5,0.0
2,130100,ROSES,14472,58,,,,,14473,22,14474.0,36.0,,,14472.5,0.0
2,130200,ROSES,14473,62,,,,,14474,15,14475.0,47.0,,,14473.5,0.0
2,130300,ROSES,14474,15,14473.0,37.0,,,14475,52,,,,,14474.5,0.0
2,130400,ROSES,14472,59,,,,,14473,21,14474.0,38.0,,,14472.5,0.0
2,130500,ROSES,14476,26,14475.0,44.0,,,14477,70,,,,,14476.5,0.0
2,130600,ROSES,14481,47,,,,,14482,15,14483.0,32.0,,,14481.5,0.0
2,130700,ROSES,14481,64,,,,,14482,64,,,,,14481.5,0.0
2,130800,ROSES,14479,57,,,,,14480,57,,,,,14479.5,0.0
2,130900,ROSES,14481,28,14480.0,43.0,,,14482,71,,,,,14481.5,0.0
2,131000,ROSES,14480,53,,,,,14481,22,14482.0,31.0,,,14480.5,0.0
2,131100,ROSES,14481,29,14480.0,38.0,,,14482,67,,,,,14481.5,0.0
2,131200,ROSES,14482,58,,,,,14484,58,,,,,14483.0,0.0
2,131300,ROSES,14479,49,,,,,14480,49,,,,,14479.5,0.0
2,131400,ROSES,14481,56,,,,,14482,56,,,,,14481.5,0.0
2,131500,ROSES,14478,48,,,,,14479,17,14480.0,31.0,,,14478.5,0.0
2,131600,ROSES,14475,56,,,,,14476,56,,,,,14475.5,0.0
2,131700,ROSES,14474,63,,,,,14475,63,,,,,14474.5,0.0
2,131800,ROSES,14478,58,,,,,14479,58,,,,,14478.5,0.0
2,131900,ROSES,14476,62,,,,,14478,62,,,,,14477.0,0.0
2,132000,ROSES,14478,25,14477.0,47.0,,,14479,72,,,,,14478.5,0.0
2,132100,ROSES,14475,68,,,,,14476,28,14477.0,40.0,,,14475.5,0.0
2,132200,ROSES,14477,53,,,,,14478,53,,,,,14477.5,0.0
2,132300,ROSES,14478,65,,,,,14479,65,,,,,14478.5,0.0
2,132400,ROSES,14481,58,,,,,14482,58,,,,,14481.5,0.0
2,132500,ROSES,14482,25,14481.0,49.0,,,14483,74,,,,,14482.5,0.0
2,132600,ROSES,14482,17,14481.0,46.0,,,14483,63,,,,,14482.5,0.0
2,132700,ROSES,14477,19,14476.0,30.0,,,14478,49,,,,,14477.5,0.0
2,132800,ROSES,14478,18,14477.0,44.0,,,14479,62,,,,,14478.5,0.0
2,132900,ROSES,14480,66,,,,,14481,66,,,,,14480.5,0.0
2,133000,ROSES,14480,64,,,,,14482,64,,,,,14481.0,0.0
2,133100,ROSES,14481,48,,,,,14482,48,,,,,14481.5,0.0
2,133200,ROSES,14482,62,,,,,14484,62,,,,,14483.0,0.0
2,133300,ROSES,14485,63,,,,,14486,63,,,,,14485.5,0.0
2,133400,ROSES,14482,60,,,,,14484,60,,,,,14483.0,0.0
2,133500,ROSES,14482,56,,,,,14484,56,,,,,14483.0,0.0
2,133600,ROSES,14484,17,14483.0,35.0,,,14485,52,,,,,14484.5,0.0
2,133700,ROSES,14484,71,,,,,14486,71,,,,,14485.0,0.0
2,133800,ROSES,14482,58,,,,,14483,58,,,,,14482.5,0.0
2,133900,ROSES,14476,54,,,,,14478,54,,,,,14477.0,0.0
2,134000,ROSES,14477,70,,,,,14479,70,,,,,14478.0,0.0
2,134100,ROSES,14479,77,,,,,14481,77,,,,,14480.0,0.0
2,134200,ROSES,14484,52,,,,,14485,52,,,,,14484.5,0.0
2,134300,ROSES,14485,69,,,,,14486,25,14487.0,44.0,,,14485.5,0.0
2,134400,ROSES,14483,70,,,,,14484,70,,,,,14483.5,0.0
2,134500,ROSES,14484,67,,,,,14485,23,14486.0,44.0,,,14484.5,0.0
2,134600,ROSES,14484,69,,,,,14485,69,,,,,14484.5,0.0
2,134700,ROSES,14482,50,,,,,14483,17,14484.0,33.0,,,14482.5,0.0
2,134800,ROSES,14478,65,,,,,14480,65,,,,,14479.0,0.0
2,134900,ROSES,14473,63,,,,,14475,63,,,,,14474.0,0.0
2,135000,ROSES,14472,26,14471.0,43.0,,,14473,69,,,,,14472.5,0.0
2,135100,ROSES,14470,69,,,,,14472,69,,,,,14471.0,0.0
2,135200,ROSES,14471,22,14470.0,30.0,,,14472,52,,,,,14471.5,0.0
2,135300,ROSES,14471,63,,,,,14472,63,,,,,14471.5,0.0
2,135400,ROSES,14471,52,,,,,14473,52,,,,,14472.0,0.0
2,135500,ROSES,14477,24,14476.0,36.0,,,14478,60,,,,,14477.5,0.0
2,135600,ROSES,14477,21,14476.0,42.0,,,14478,63,,,,,14477.5,0.0
2,135700,ROSES,14480,59,,,,,14482,59,,,,,14481.0,0.0
2,135800,ROSES,14478,52,,,,,14480,52,,,,,14479.0,0.0
2,135900,ROSES,14476,65,,,,,14478,65,,,,,14477.0,0.0
2,136000,ROSES,14475,65,,,,,14476,65,,,,,14475.5,0.0
2,136100,ROSES,14470,77,,,,,14471,30,14472.0,47.0,,,14470.5,0.0
2,136200,ROSES,14475,17,14474.0,36.0,,,14476,53,,,,,14475.5,0.0
2,136300,ROSES,14475,59,,,,,14477,59,,,,,14476.0,0.0
2,136400,ROSES,14477,61,,,,,14479,61,,,,,14478.0,0.0
2,136500,ROSES,14482,66,,,,,14483,26,14484.0,40.0,,,14482.5,0.0
2,136600,ROSES,14483,68,,,,,14485,68,,,,,14484.0,0.0
2,136700,ROSES,14488,64,,,,,14489,64,,,,,14488.5,0.0
2,136800,ROSES,14481,65,,,,,14483,65,,,,,14482.0,0.0
2,136900,ROSES,14485,66,,,,,14486,66,,,,,14485.5,0.0
2,137000,ROSES,14486,51,,,,,14487,51,,,,,14486.5,0.0
2,137100,ROSES,14484,75,,,,,14486,75,,,,,14485.0,0.0
2,137200,ROSES,14487,70,,,,,14489,70,,,,,14488.0,0.0
2,137300,ROSES,14487,60,,,,,14489,60,,,,,14488.0,0.0
2,137400,ROSES,14486,28,14485.0,32.0,,,14487,60,,,,,14486.5,0.0
2,137500,ROSES,14480,60,,,,,14482,60,,,,,14481.0,0.0
2,137600,ROSES,14485,54,,,,,14486,19,14487.0,35.0,,,14485.5,0.0
2,137700,ROSES,14478,50,,,,,14479,16,14480.0,34.0,,,14478.5,0.0
2,137800,ROSES,14478,70,,,,,14480,70,,,,,14479.0,0.0
2,137900,ROSES,14483,74,,,,,14484,74,,,,,14483.5,0.0
2,138000,ROSES,14485,19,14484.0,46.0,,,14486,65,,,,,14485.5,0.0
2,138100,ROSES,14483,73,,,,,14484,73,,,,,14483.5,0.0
2,138200,ROSES,14482,63,,,,,14483,29,14484.0,34.0,,,14482.5,0.0
2,138300,ROSES,14481,15,14480.0,44.0,,,14482,59,,,,,14481.5,0.0
2,138400,ROSES,14481,64,,,,,14483,64,,,,,14482.0,0.0
2,138500,ROSES,14481,49,,,,,14482,15,14483.0,34.0,,,14481.5,0.0
2,138600,ROSES,14478,30,14477.0,46.0,,,14479,76,,,,,14478.5,0.0
2,138700,ROSES,14474,23,14473.0,43.0,,,14475,66,,,,,14474.5,0.0
2,138800,ROSES,14477,56,,,,,14478,56,,,,,14477.5,0.0
2,138900,ROSES,14473,58,,,,,14475,58,,,,,14474.0,0.0
2,139000,ROSES,14470,70,,,,,14472,70,,,,,14471.0,0.0
2,139100,ROSES,14477,30,14476.0,35.0,,,14478,65,,,,,14477.5,0.0
2,139200,ROSES,14474,63,,,,,14476,63,,,,,14475.0,0.0
2,139300,ROSES,14471,67,,,,,14472,67,,,,,14471.5,0.0
2,139400,ROSES,14468,57,,,,,14469,27,14470.0,30.0,,,14468.5,0.0
2,139500,ROSES,14470,77,,,,,14472,77,,,,,14471.0,0.0
2,139600,ROSES,14468,52,,,,,14470,52,,,,,14469.0,0.0
2,139700,ROSES,14468,58,,,,,14469,58,,,,,14468.5,0.0
2,139800,ROSES,14462,29,14461.0,43.0,,,14463,72,,,,,14462.5,0.0
2,139900,ROSES,14460,76,,,,,14461,76,,,,,14460.5,0.0
2,140000,ROSES,14460,74,,,,,14461,74,,,,,14460.5,0.0
2,140100,ROSES,14460,70,,,,,14461,24,14462.0,46.0,,,14460.5,0.0
2,140200,ROSES,14464,58,,,,,14465,15,14466.0,43.0,,,14464.5,0.0
2,140300,ROSES,14465,66,,,,,14467,66,,,,,14466.0,0.0
2,140400,ROSES,14458,20,14457.0,34.0,,,14459,54,,,,,14458.5,0.0
2,140500,ROSES,14453,66,,,,,14454,25,14455.0,41.0,,,14453.5,0.0
2,140600,ROSES,14451,21,14450.0,50.0,,,14452,71,,,,,14451.5,0.0
2,140700,ROSES,14450,54,,,,,14451,54,,,,,14450.5,0.0
2,140800,ROSES,14450,70,,,,,14451,70,,,,,14450.5,0.0
2,140900,ROSES,14452,23,14451.0,48.0,,,14453,71,,,,,14452.5,0.0
2,141000,ROSES,14447,54,,,,,14448,54,,,,,14447.5,0.0
2,141100,ROSES,14441,51,,,,,14442,51,,,,,14441.5,0.0
2,141200,ROSES,14443,72,,,,,14444,72,,,,,14443.5,0.0
2,141300,ROSES,14440,63,,,,,14441,23,14442.0,40.0,,,14440.5,0.0
2,141400,ROSES,14434,30,14433.0,42.0,,,14435,72,,,,,14434.5,0.0
2,141500,ROSES,14431,75,,,,,14432,75,,,,,14431.5,0.0
2,141600,ROSES,14430,16,14429.0,34.0,,,14431,50,,,,,14430.5,0.0
2,141700,ROSES,14426,64,,,,,14428,64,,,,,14427.0,0.0
2,141800,ROSES,14423,54,,,,,14424,54,,,,,14423.5,0.0
2,141900,ROSES,14426,18,14425.0,33.0,,,14427,51,,,,,14426.5,0.0
2,142000,ROSES,14423,18,14422.0,46.0,,,14424,64,,,,,14423.5,0.0
2,142100,ROSES,14423,64,,,,,14425,64,,,,,14424.0,0.0
2,142200,ROSES,14424,63,,,,,14425,63,,,,,14424.5,0.0
2,142300,ROSES,14423,50,,,,,14424,50,,,,,14423.5,0.0
2,142400,ROSES,14429,76,,,,,14430,28,14431.0,48.0,,,14429.5,0.0
2,142500,ROSES,14425,65,,,,,14427,65,,,,,14426.0,0.0
2,142600,ROSES,14432,76,,,,,14434,76,,,,,14433.0,0.0
2,142700,ROSES,14430,25,14429.0,37.0,,,14431,62,,,,,14430.5,0.0
2,142800,ROSES,14429,71,,,,,14430,71,,,,,14429.5,0.0
2,142900,ROSES,14429,60,,,,,14431,60,,,,,14430.0,0.0
2,143000,ROSES,14432,48,,,,,14434,48,,,,,14433.0,0.0
2,143100,ROSES,14434,61,,,,,14435,26,14436.0,35.0,,,14434.5,0.0
2,143200,ROSES,14433,70,,,,,14434,29,14435.0,41.0,,,14433.5,0.0
2,143300,ROSES,14432,58,,,,,14433,18,14434.0,40.0,,,14432.5,0.0
2,143400,ROSES,14435,63,,,,,14437,63,,,,,14436.0,0.0
2,143500,ROSES,14439,64,,,,,14441,64,,,,,14440.0,0.0
2,143600,ROSES,14438,63,,,,,14439,63,,,,,14438.5,0.0
2,143700,ROSES,14441,55,,,,,14442,23,14443.0,32.0,,,14441.5,0.0
2,143800,ROSES,14443,17,14442.0,45.0,,,14444,62,,,,,14443.5,0.0
2,143900,ROSES,14443,68,,,,,14444,23,14445.0,45.0,,,14443.5,0.0
2,144000,ROSES,14440,57,,,,,14441,22,14442.0,35.0,,,14440.5,0.0
2,144100,ROSES,14437,18,14436.0,40.0,,,14438,58,,,,,14437.5,0.0
2,144200,ROSES,14438,65,,,,,14439,65,,,,,14438.5,0.0
2,144300,ROSES,14430,67,,,,,14431,24,14432.0,43.0,,,14430.5,0.0
2,144400,ROSES,14429,26,14428.0,41.0,,,14430,67,,,,,14429.5,0.0
2,144500,ROSES,14430,60,,,,,14431,60,,,,,14430.5,0.0
2,144600,ROSES,14425,64,,,,,14426,20,14427.0,44.0,,,14425.5,0.0
2,144700,ROSES,14430,21,14429.0,50.0,,,14431,71,,,,,14430.5,0.0
2,144800,ROSES,14434,59,,,,,14435,29,14436.0,30.0,,,14434.5,0.0
2,144900,ROSES,14431,63,,,,,14432,30,14433.0,33.0,,,14431.5,0.0
2,145000,ROSES,14431,62,,,,,14432,62,,,,,14431.5,0.0
2,145100,ROSES,14430,65,,,,,14432,65,,,,,14431.0,0.0
2,145200,ROSES,14429,74,,,,,14430,74,,,,,14429.5,0.0
2,145300,ROSES,14427,72,,,,,14429,72,,,,,14428.0,0.0
2,145400,ROSES,14429,23,14428.0,39.0,,,14430,62,,,,,14429.5,0.0
2,145500,ROSES,14433,66,,,,,14434,25,14435.0,41.0,,,14433.5,0.0
2,145600,ROSES,14433,55,,,,,14435,55,,,,,14434.0,0.0
2,145700,ROSES,14434,18,14433.0,50.0,,,14435,68,,,,,14434.5,0.0
2,145800,ROSES,14434,51,,,,,14435,51,,,,,14434.5,0.0
2,145900,ROSES,14432,53,,,,,14433,16,14434.0,37.0,,,14432.5,0.0
2,146000,ROSES,14434,19,14433.0,43.0,,,14435,62,,,,,14434.5,0.0
2,146100,ROSES,14432,47,,,,,14434,47,,,,,14433.0,0.0
2,146200,ROSES,14430,28,14429.0,48.0,,,14431,76,,,,,14430.5,0.0
2,146300,ROSES,14431,57,,,,,14433,57,,,,,14432.0,0.0
2,146400,ROSES,14426,75,,,,,14428,75,,,,,14427.0,0.0
2,146500,ROSES,14425,65,,,,,14426,65,,,,,14425.5,0.0
2,146600,ROSES,14424,52,,,,,14425,52,,,,,14424.5,0.0
2,146700,ROSES,14423,56,,,,,14425,56,,,,,14424.0,0.0
2,146800,ROSES,14419,59,,,,,14420,22,14421.0,37.0,,,14419.5,0.0
2,146900,ROSES,14416,52,,,,,14418,52,,,,,14417.0,0.0
2,147000,ROSES,14416,65,,,,,14417,25,14418.0,40.0,,,14416.5,0.0
2,147100,ROSES,14418,20,14417.0,50.0,,,14419,70,,,,,14418.5,0.0
2,147200,ROSES,14417,61,,,,,14419,61,,,,,14418.0,0.0
2,147300,ROSES,14417,71,,,,,14418,71,,,,,14417.5,0.0
2,147400,ROSES,14414,72,,,,,14416,72,,,,,14415.0,0.0
2,147500,ROSES,14414,64,,,,,14416,64,,,,,14415.0,0.0
2,147600,ROSES,14407,55,,,,,14408,55,,,,,14407.5,0.0
2,147700,ROSES,14409,22,14408.0,37.0,,,14410,59,,,,,14409.5,0.0
2,147800,ROSES,14411,74,,,,,14412,24,14413.0,50.0,,,14411.5,0.0
2,147900,ROSES,14411,53,,,,,14412,22,14413.0,31.0,,,14411.5,0.0
2,148000,ROSES,14408,59,,,,,14410,59,,,,,14409.0,0.0
2,148100,ROSES,14412,73,,,,,14413,27,14414.0,46.0,,,14412.5,0.0
2,148200,ROSES,14410,65,,,,,14411,30,14412.0,35.0,,,14410.5,0.0
2,148300,ROSES,14414,69,,,,,14415,69,,,,,14414.5,0.0
2,148400,ROSES,14413,58,,,,,14414,19,14415.0,39.0,,,14413.5,0.0
2,148500,ROSES,14411,70,,,,,14412,70,,,,,14411.5,0.0
2,148600,ROSES,14410,73,,,,,14412,73,,,,,14411.0,0.0
2,148700,ROSES,14409,20,14408.0,37.0,,,14410,57,,,,,14409.5,0.0
2,148800,ROSES,14408,57,,,,,14409,19,14410.0,38.0,,,14408.5,0.0
2,148900,ROSES,14409,59,,,,,14411,59,,,,,14410.0,0.0
2,149000,ROSES,14409,30,14408.0,33.0,,,14410,63,,,,,14409.5,0.0
2,149100,ROSES,14407,74,,,,,14409,74,,,,,14408.0,0.0
2,149200,ROSES,14407,51,,,,,14409,51,,,,,14408.0,0.0
2,149300,ROSES,14408,70,,,,,14410,70,,,,,14409.0,0.0
2,149400,ROSES,14408,69,,,,,14410,69,,,,,14409.0,0.0
2,149500,ROSES,14410,66,,,,,14411,66,,,,,14410.5,0.0
2,149600,ROSES,14411,74,,,,,14413,74,,,,,14412.0,0.0
2,149700,ROSES,14412,59,,,,,14413,23,14414.0,36.0,,,14412.5,0.0
2,149800,ROSES,14414,67,,,,,14415,30,14416.0,37.0,,,14414.5,0.0
2,149900,ROSES,14414,69,,,,,14415,22,14416.0,47.0,,,14414.5,0.0
2,150000,ROSES,14417,61,,,,,14418,27,14419.0,34.0,,,14417.5,0.0
2,150100,ROSES,14418,71,,,,,14420,71,,,,,14419.0,0.0
2,150200,ROSES,14420,68,,,,,14422,68,,,,,14421.0,0.0
2,150300,ROSES,14420,61,,,,,14421,61,,,,,14420.5,0.0
2,150400,ROSES,14416,66,,,,,14417,17,14418.0,49.0,,,14416.5,0.0
2,150500,ROSES,14415,73,,,,,14416,73,,,,,14415.5,0.0
2,150600,ROSES,14415,62,,,,,14416,62,,,,,14415.5,0.0
2,150700,ROSES,14416,71,,,,,14417,71,,,,,14416.5,0.0
2,150800,ROSES,14416,73,,,,,14417,73,,,,,14416.5,0.0
2,150900,ROSES,14420,67,,,,,14421,67,,,,,14420.5,0.0
2,151000,ROSES,14416,50,,,,,14418,50,,,,,14417.0,0.0
2,151100,ROSES,14412,21,14411.0,46.0,,,14413,67,,,,,14412.5,0.0
2,151200,ROSES,14411,51,,,,,14412,16,14413.0,35.0,,,14411.5,0.0
2,151300,ROSES,14409,58,,,,,14410,24,14411.0,34.0,,,14409.5,0.0
2,151400,ROSES,14409,53,,,,,14411,53,,,,,14410.0,0.0
2,151500,ROSES,14411,61,,,,,14412,23,14413.0,38.0,,,14411.5,0.0
2,151600,ROSES,14418,72,,,,,14420,72,,,,,14419.0,0.0
2,151700,ROSES,14415,76,,,,,14416,76,,,,,14415.5,0.0
2,151800,ROSES,14412,65,,,,,14413,65,,,,,14412.5,0.0
2,151900,ROSES,14412,70,,,,,14413,70,,,,,14412.5,0.0
2,152000,ROSES,14408,67,,,,,14409,67,,,,,14408.5,0.0
2,152100,ROSES,14406,22,14405.0,34.0,,,14407,56,,,,,14406.5,0.0
2,152200,ROSES,14409,65,,,,,14410,26,14411.0,39.0,,,14409.5,0.0
2,152300,ROSES,14409,72,,,,,14410,72,,,,,14409.5,0.0
2,152400,ROSES,14409,57,,,,,14410,57,,,,,14409.5,0.0
2,152500,ROSES,14412,71,,,,,14413,71,,,,,14412.5,0.0
2,152600,ROSES,14407,62,,,,,14409,62,,,,,14408.0,0.0
2,152700,ROSES,14408,18,14407.0,35.0,,,14409,53,,,,,14408.5,0.0
2,152800,ROSES,14407,66,,,,,14409,66,,,,,14408.0,0.0
2,152900,ROSES,14408,48,,,,,14409,18,14410.0,30.0,,,14408.5,0.0
2,153000,ROSES,14405,62,,,,,14407,62,,,,,14406.0,0.0
2,153100,ROSES,14404,72,,,,,14406,72,,,,,14405.0,0.0
2,153200,ROSES,14404,65,,,,,14405,29,14406.0,36.0,,,14404.5,0.0
2,153300,ROSES,14406,52,,,,,14407,52,,,,,14406.5,0.0
2,153400,ROSES,14404,70,,,,,14405,28,14406.0,42.0,,,14404.5,0.0
2,153500,ROSES,14406,19,14405.0,44.0,,,14407,63,,,,,14406.5,0.0
2,153600,ROSES,14400,65,,,,,14401,65,,,,,14400.5,0.0
2,153700,ROSES,14401,67,,,,,14402,17,14403.0,50.0,,,14401.5,0.0
2,153800,ROSES,14403,66,,,,,14404,23,14405.0,43.0,,,14403.5,0.0
2,153900,ROSES,14401,74,,,,,14402,74,,,,,14401.5,0.0
2,154000,ROSES,14400,49,,,,,14401,49,,,,,14400.5,0.0
2,154100,ROSES,14400,79,,,,,14401,79,,,,,14400.5,0.0
2,154200,ROSES,14401,25,14400.0,32.0,,,14402,57,,,,,14401.5,0.0
2,154300,ROSES,14404,60,,,,,14405,60,,,,,14404.5,0.0
2,154400,ROSES,14404,62,,,,,14406,62,,,,,14405.0,0.0
2,154500,ROSES,14404,67,,,,,14405,67,,,,,14404.5,0.0
2,154600,ROSES,14403,68,,,,,14405,68,,,,,14404.0,0.0
2,154700,ROSES,14404,65,,,,,14405,65,,,,,14404.5,0.0
2,154800,ROSES,14406,69,,,,,14407,25,14408.0,44.0,,,14406.5,0.0
2,154900,ROSES,14407,27,14406.0,46.0,,,14408,73,,,,,14407.5,0.0
2,155000,ROSES,14405,73,,,,,14407,73,,,,,14406.0,0.0
2,155100,ROSES,14404,75,,,,,14406,75,,,,,14405.0,0.0
2,155200,ROSES,14402,62,,,,,14403,18,14404.0,44.0,,,14402.5,0.0
2,155300,ROSES,14400,74,,,,,14401,74,,,,,14400.5,0.0
2,155400,ROSES,14399,15,14398.0,35.0,,,14400,50,,,,,14399.5,0.0
2,155500,ROSES,14397,62,,,,,14398,22,14399.0,40.0,,,14397.5,0.0
2,155600,ROSES,14399,68,,,,,14400,30,14401.0,38.0,,,14399.5,0.0
2,155700,ROSES,14396,55,,,,,14397,55,,,,,14396.5,0.0
2,155800,ROSES,14396,73,,,,,14397,26,14398.0,47.0,,,14396.5,0.0
2,155900,ROSES,14393,58,,,,,14394,58,,,,,14393.5,0.0
2,156000,ROSES,14395,56,,,,,14396,22,14397.0,34.0,,,14395.5,0.0
2,156100,ROSES,14396,60,,,,,14397,60,,,,,14396.5,0.0
2,156200,ROSES,14399,62,,,,,14400,29,14401.0,33.0,,,14399.5,0.0
2,156300,ROSES,14401,16,14400.0,41.0,,,14402,57,,,,,14401.5,0.0
2,156400,ROSES,14398,64,,,,,14399,64,,,,,14398.5,0.0
2,156500,ROSES,14398,52,,,,,14399,52,,,,,14398.5,0.0
2,156600,ROSES,14396,62,,,,,14398,62,,,,,14397.0,0.0
2,156700,ROSES,14395,60,,,,,14396,60,,,,,14395.5,0.0
2,156800,ROSES,14392,51,,,,,14393,20,14394.0,31.0,,,14392.5,0.0
2,156900,ROSES,14391,57,,,,,14393,57,,,,,14392.0,0.0
2,157000,ROSES,14392,20,14391.0,30.0,,,14393,50,,,,,14392.5,0.0
2,157100,ROSES,14392,59,,,,,14393,20,14394.0,39.0,,,14392.5,0.0
2,157200,ROSES,14399,29,14398.0,43.0,,,14400,72,,,,,14399.5,0.0
2,157300,ROSES,14398,51,,,,,14400,51,,,,,14399.0,0.0
2,157400,ROSES,14398,69,,,,,14400,69,,,,,14399.0,0.0
2,157500,ROSES,14398,69,,,,,14400,69,,,,,14399.0,0.0
2,157600,ROSES,14398,18,14397.0,39.0,,,14399,57,,,,,14398.5,0.0
2,157700,ROSES,14397,74,,,,,14398,74,,,,,14397.5,0.0
2,157800,ROSES,14397,54,,,,,14398,54,,,,,14397.5,0.0
2,157900,ROSES,14396,68,,,,,14398,68,,,,,14397.0,0.0
2,158000,ROSES,14398,65,,,,,14400,65,,,,,14399.0,0.0
2,158100,ROSES,14399,60,,,,,14401,60,,,,,14400.0,0.0
2,158200,ROSES,14397,53,,,,,14398,23,14399.0,30.0,,,14397.5,0.0
2,158300,ROSES,14397,52,,,,,14398,21,14399.0,31.0,,,14397.5,0.0
2,158400,ROSES,14398,73,,,,,14399,73,,,,,14398.5,0.0
2,158500,ROSES,14397,73,,,,,14398,29,14399.0,44.0,,,14397.5,0.0
2,158600,ROSES,14397,21,14396.0,35.0,,,14398,56,,,,,14397.5,0.0
2,158700,ROSES,14396,65,,,,,14398,65,,,,,14397.0,0.0
2,158800,ROSES,14398,54,,,,,14399,54,,,,,14398.5,0.0
2,158900,ROSES,14398,71,,,,,14400,71,,,,,14399.0,0.0
2,159000,ROSES,14397,70,,,,,14398,70,,,,,14397.5,0.0
2,159100,ROSES,14397,66,,,,,14398,66,,,,,14397.5,0.0
2,159200,ROSES,14400,58,,,,,14401,19,14402.0,39.0,,,14400.5,0.0
2,159300,ROSES,14398,16,14397.0,31.0,,,14399,47,,,,,14398.5,0.0
2,159400,ROSES,14399,64,,,,,14401,64,,,,,14400.0,0.0
2,159500,ROSES,14399,29,14398.0,34.0,,,14400,63,,,,,14399.5,0.0
2,159600,ROSES,14408,61,,,,,14410,61,,,,,14409.0,0.0
2,159700,ROSES,14410,74,,,,,14411,74,,,,,14410.5,0.0
2,159800,ROSES,14410,73,,,,,14411,28,14412.0,45.0,,,14410.5,0.0
2,159900,ROSES,14410,69,,,,,14411,69,,,,,14410.5,0.0
2,160000,ROSES,14406,57,,,,,14407,57,,,,,14406.5,0.0
2,160100,ROSES,14405,26,14404.0,30.0,,,14406,56,,,,,14405.5,0.0
2,160200,ROSES,14410,55,,,,,14411,55,,,,,14410.5,0.0
2,160300,ROSES,14411,15,14410.0,45.0,,,14412,60,,,,,14411.5,0.0
2,160400,ROSES,14410,65,,,,,14411,65,,,,,14410.5,0.0
2,160500,ROSES,14410,71,,,,,14411,71,,,,,14410.5,0.0
2,160600,ROSES,14410,50,,,,,14411,16,14412.0,34.0,,,14410.5,0.0
2,160700,ROSES,14408,23,14407.0,49.0,,,14409,72,,,,,14408.5,0.0
2,160800,ROSES,14408,46,,,,,14409,46,,,,,14408.5,0.0
2,160900,ROSES,14409,71,,,,,14410,21,14411.0,50.0,,,14409.5,0.0
2,161000,ROSES,14405,56,,,,,14407,56,,,,,14406.0,0.0
2,161100,ROSES,14405,18,14404.0,41.0,,,14406,59,,,,,14405.5,0.0
2,161200,ROSES,14398,19,14397.0,30.0,,,14399,49,,,,,14398.5,0.0
2,161300,ROSES,14393,66,,,,,14394,16,14395.0,50.0,,,14393.5,0.0
2,161400,ROSES,14395,70,,,,,14397,70,,,,,14396.0,0.0
2,161500,ROSES,14399,16,14398.0,31.0,,,14400,47,,,,,14399.5,0.0
2,161600,ROSES,14403,75,,,,,14405,75,,,,,14404.0,0.0
2,161700,ROSES,14400,66,,,,,14401,29,14402.0,37.0,,,14400.5,0.0
2,161800,ROSES,14400,59,,,,,14401,59,,,,,14400.5,0.0
2,161900,ROSES,14399,67,,,,,14400,67,,,,,14399.5,0.0
2,162000,ROSES,14402,21,14401.0,45.0,,,14403,66,,,,,14402.5,0.0
2,162100,ROSES,14403,20,14402.0,30.0,,,14404,50,,,,,14403.5,0.0
2,162200,ROSES,14403,63,,,,,14404,63,,,,,14403.5,0.0
2,162300,ROSES,14404,72,,,,,14406,72,,,,,14405.0,0.0
2,162400,ROSES,14403,50,,,,,14404,19,14405.0,31.0,,,14403.5,0.0
2,162500,ROSES,14406,19,14405.0,44.0,,,14407,63,,,,,14406.5,0.0
2,162600,ROSES,14405,55,,,,,14406,55,,,,,14405.5,0.0
2,162700,ROSES,14408,24,14407.0,36.0,,,14409,60,,,,,14408.5,0.0
2,162800,ROSES,14408,62,,,,,14409,17,14410.0,45.0,,,14408.5,0.0
2,162900,ROSES,14409,57,,,,,14410,57,,,,,14409.5,0.0
2,163000,ROSES,14406,52,,,,,14407,52,,,,,14406.5,0.0
2,163100,ROSES,14402,66,,,,,14403,56,,,,,14402.5,0.0
2,163200,ROSES,14398,51,,,,,14399,51,,,,,14398.5,0.0
2,163300,ROSES,14399,60,,,,,14400,27,14401.0,33.0,,,14399.5,0.0
2,163400,ROSES,14393,69,,,,,14395,69,,,,,14394.0,0.0
2,163500,ROSES,14397,48,,,,,14398,18,14399.0,30.0,,,14397.5,0.0
2,163600,ROSES,14396,75,,,,,14397,26,14398.0,49.0,,,14396.5,0.0
2,163700,ROSES,14393,24,14392.0,50.0,,,14394,74,,,,,14393.5,0.0
2,163800,ROSES,14394,16,14393.0,37.0,,,14395,53,,,,,14394.5,0.0
2,163900,ROSES,14390,57,,,,,14392,57,,,,,14391.0,0.0
2,164000,ROSES,14390,60,,,,,14392,60,,,,,14391.0,0.0
2,164100,ROSES,14390,70,,,,,14391,70,,,,,14390.5,0.0
2,164200,ROSES,14393,71,,,,,14394,71,,,,,14393.5,0.0
2,164300,ROSES,14395,63,,,,,14397,63,,,,,14396.0,0.0
2,164400,ROSES,14398,25,14397.0,47.0,,,14399,72,,,,,14398.5,0.0
2,164500,ROSES,14396,54,,,,,14398,54,,,,,14397.0,0.0
2,164600,ROSES,14400,73,,,,,14401,73,,,,,14400.5,0.0
2,164700,ROSES,14400,20,14399.0,33.0,,,14401,53,,,,,14400.5,0.0
2,164800,ROSES,14400,51,,,,,14401,51,,,,,14400.5,0.0
2,164900,ROSES,14401,72,,,,,14402,23,14403.0,49.0,,,14401.5,0.0
2,165000,ROSES,14402,19,14401.0,45.0,,,14403,64,,,,,14402.5,0.0
2,165100,ROSES,14398,60,,,,,14400,60,,,,,14399.0,0.0
2,165200,ROSES,14400,72,,,,,14401,72,,,,,14400.5,0.0
2,165300,ROSES,14396,58,,,,,14397,58,,,,,14396.5,0.0
2,165400,ROSES,14397,80,,,,,14398,30,14399.0,50.0,,,14397.5,0.0
2,165500,ROSES,14397,70,,,,,14398,70,,,,,14397.5,0.0
2,165600,ROSES,14397,63,,,,,14398,16,14399.0,47.0,,,14397.5,0.0
2,165700,ROSES,14394,67,,,,,14396,67,,,,,14395.0,0.0
2,165800,ROSES,14397,65,,,,,14398,65,,,,,14397.5,0.0
2,165900,ROSES,14396,69,,,,,14398,69,,,,,14397.0,0.0
2,166000,ROSES,14399,23,14398.0,42.0,,,14400,65,,,,,14399.5,0.0
2,166100,ROSES,14397,56,,,,,14398,56,,,,,14397.5,0.0
2,166200,ROSES,14395,69,,,,,14396,69,,,,,14395.5,0.0
2,166300,ROSES,14395,63,,,,,14396,22,14397.0,41.0,,,14395.5,0.0
2,166400,ROSES,14398,22,14397.0,50.0,,,14399,72,,,,,14398.5,0.0
2,166500,ROSES,14394,65,,,,,14396,65,,,,,14395.0,0.0
2,166600,ROSES,14393,69,,,,,14394,69,,,,,14393.5,0.0
2,166700,ROSES,14391,71,,,,,14393,71,,,,,14392.0,0.0
2,166800,ROSES,14391,61,,,,,14392,61,,,,,14391.5,0.0
2,166900,ROSES,14390,15,14389.0,35.0,,,14391,50,,,,,14390.5,0.0
2,167000,ROSES,14392,67,,,,,14394,67,,,,,14393.0,0.0
2,167100,ROSES,14394,67,,,,,14396,67,,,,,14395.0,0.0
2,167200,ROSES,14394,72,,,,,14396,72,,,,,14395.0,0.0
2,167300,ROSES,14396,77,,,,,14398,77,,,,,14397.0,0.0
2,167400,ROSES,14399,63,,,,,14400,15,14401.0,48.0,,,14399.5,0.0
2,167500,ROSES,14398,18,14397.0,33.0,,,14399,51,,,,,14398.5,0.0
2,167600,ROSES,14396,17,14395.0,34.0,,,14397,51,,,,,14396.5,0.0
2,167700,ROSES,14397,60,,,,,14399,60,,,,,14398.0,0.0
2,167800,ROSES,14403,54,,,,,14404,54,,,,,14403.5,0.0
2,167900,ROSES,14397,59,,,,,14398,59,,,,,14397.5,0.0
2,168000,ROSES,14395,65,,,,,14396,25,14397.0,40.0,,,14395.5,0.0
2,168100,ROSES,14397,55,,,,,14399,55,,,,,14398.0,0.0
2,168200,ROSES,14395,61,,,,,14396,26,14397.0,35.0,,,14395.5,0.0
2,168300,ROSES,14397,63,,,,,14399,63,,,,,14398.0,0.0
2,168400,ROSES,14398,59,,,,,14399,59,,,,,14398.5,0.0
2,168500,ROSES,14395,67,,,,,14396,67,,,,,14395.5,0.0
2,168600,ROSES,14394,26,14393.0,41.0,,,14395,70,,,,,14394.5,0.0
2,168700,ROSES,14394,60,,,,,14396,60,,,,,14395.0,0.0
2,168800,ROSES,14392,62,,,,,14393,16,14394.0,46.0,,,14392.5,0.0
2,168900,ROSES,14394,26,14393.0,39.0,,,14395,65,,,,,14394.5,0.0
2,169000,ROSES,14395,25,14394.0,36.0,,,14396,61,,,,,14395.5,0.0
2,169100,ROSES,14394,80,,,,,14395,75,,,,,14394.5,0.0
2,169200,ROSES,14395,55,,,,,14396,55,,,,,14395.5,0.0
2,169300,ROSES,14394,58,,,,,14395,58,,,,,14394.5,0.0
2,169400,ROSES,14394,69,,,,,14396,69,,,,,14395.0,0.0
2,169500,ROSES,14392,73,,,,,14393,73,,,,,14392.5,0.0
2,169600,ROSES,14395,49,,,,,14397,49,,,,,14396.0,0.0
2,169700,ROSES,14395,62,,,,,14396,62,,,,,14395.5,0.0
2,169800,ROSES,14398,63,,,,,14399,63,,,,,14398.5,0.0
2,169900,ROSES,14403,62,,,,,14405,62,,,,,14404.0,0.0
2,170000,ROSES,14407,48,,,,,14409,48,,,,,14408.0,0.0
2,170100,ROSES,14407,69,,,,,14409,69,,,,,14408.0,0.0
2,170200,ROSES,14408,53,,,,,14409,53,,,,,14408.5,0.0
2,170300,ROSES,14408,26,14407.0,35.0,,,14409,61,,,,,14408.5,0.0
2,170400,ROSES,14408,73,,,,,14410,73,,,,,14409.0,0.0
2,170500,ROSES,14406,55,,,,,14408,55,,,,,14407.0,0.0
2,170600,ROSES,14402,23,14401.0,45.0,,,14403,68,,,,,14402.5,0.0
2,170700,ROSES,14402,70,,,,,14404,70,,,,,14403.0,0.0
2,170800,ROSES,14403,18,14402.0,44.0,,,14404,62,,,,,14403.5,0.0
2,170900,ROSES,14407,28,14406.0,40.0,,,14408,68,,,,,14407.5,0.0
2,171000,ROSES,14411,55,,,,,14413,55,,,,,14412.0,0.0
2,171100,ROSES,14408,52,,,,,14409,52,,,,,14408.5,0.0
2,171200,ROSES,14405,69,,,,,14407,69,,,,,14406.0,0.0
2,171300,ROSES,14407,64,,,,,14409,64,,,,,14408.0,0.0
2,171400,ROSES,14410,66,,,,,14412,66,,,,,14411.0,0.0
2,171500,ROSES,14411,74,,,,,14412,74,,,,,14411.5,0.0
2,171600,ROSES,14411,51,,,,,14412,51,,,,,14411.5,0.0
2,171700,ROSES,14406,62,,,,,14407,22,14408.0,40.0,,,14406.5,0.0
2,171800,ROSES,14412,59,,,,,14413,22,14414.0,37.0,,,14412.5,0.0
2,171900,ROSES,14410,64,,,,,14412,64,,,,,14411.0,0.0
2,172000,ROSES,14412,76,,,,,14413,76,,,,,14412.5,0.0
2,172100,ROSES,14413,29,14412.0,36.0,,,14414,65,,,,,14413.5,0.0
2,172200,ROSES,14410,64,,,,,14412,64,,,,,14411.0,0.0
2,172300,ROSES,14413,23,14412.0,32.0,,,14414,55,,,,,14413.5,0.0
2,172400,ROSES,14416,63,,,,,14418,63,,,,,14417.0,0.0
2,172500,ROSES,14416,51,,,,,14417,17,14418.0,34.0,,,14416.5,0.0
2,172600,ROSES,14417,24,14416.0,36.0,,,14418,60,,,,,14417.5,0.0
2,172700,ROSES,14418,62,,,,,14420,62,,,,,14419.0,0.0
2,172800,ROSES,14421,66,,,,,14422,66,,,,,14421.5,0.0
2,172900,ROSES,14423,73,,,,,14424,24,14425.0,49.0,,,14423.5,0.0
2,173000,ROSES,14421,69,,,,,14422,69,,,,,14421.5,0.0
2,173100,ROSES,14418,69,,,,,14420,69,,,,,14419.0,0.0
2,173200,ROSES,14417,72,,,,,14418,72,,,,,14417.5,0.0
2,173300,ROSES,14410,62,,,,,14411,67,,,,,14410.5,0.0
2,173400,ROSES,14407,16,14406.0,45.0,,,14408,61,,,,,14407.5,0.0
2,173500,ROSES,14406,74,,,,,14407,29,14408.0,45.0,,,14406.5,0.0
2,173600,ROSES,14404,58,,,,,14406,58,,,,,14405.0,0.0
2,173700,ROSES,14402,68,,,,,14403,29,14404.0,39.0,,,14402.5,0.0
2,173800,ROSES,14404,58,,,,,14406,58,,,,,14405.0,0.0
2,173900,ROSES,14405,41,,,,,14407,45,,,,,14406.0,0.0
2,174000,ROSES,14407,50,,,,,14409,50,,,,,14408.0,0.0
2,174100,ROSES,14407,58,,,,,14408,58,,,,,14407.5,0.0
2,174200,ROSES,14406,67,,,,,14407,67,,,,,14406.5,0.0
2,174300,ROSES,14404,18,14403.0,48.0,,,14405,66,,,,,14404.5,0.0
2,174400,ROSES,14404,67,,,,,14406,67,,,,,14405.0,0.0
2,174500,ROSES,14400,24,14399.0,32.0,,,14401,56,,,,,14400.5,0.0
2,174600,ROSES,14397,64,,,,,14399,64,,,,,14398.0,0.0
2,174700,ROSES,14399,66,,,,,14400,66,,,,,14399.5,0.0
2,174800,ROSES,14401,63,,,,,14402,24,14403.0,39.0,,,14401.5,0.0
2,174900,ROSES,14401,79,,,,,14402,79,,,,,14401.5,0.0
2,175000,ROSES,14398,66,,,,,14399,66,,,,,14398.5,0.0
