day,timestamp,product,bid_price_1,bid_volume_1,bid_price_2,bid_volume_2,bid_price_3,bid_volume_3,ask_price_1,ask_volume_1,ask_price_2,ask_volume_2,ask_price_3,ask_volume_3,mid_price,profit_and_loss
0,0,ROSES,14999,72,,,,,15001,72,,,,,15000.0,0.0
0,100,ROSES,14999,66,,,,,15001,66,,,,,15000.0,0.0
0,200,ROSES,15000,61,,,,,15001,21,15002.0,40.0,,,15000.5,0.0
0,300,ROSES,14999,69,,,,,15001,69,,,,,15000.0,0.0
0,400,ROSES,14997,62,,,,,14998,62,,,,,14997.5,0.0
0,500,ROSES,14996,30,14995.0,35.0,,,14997,65,,,,,14996.5,0.0
0,600,ROSES,14993,67,,,,,14994,67,,,,,14993.5,0.0
0,700,ROSES,14993,56,,,,,14994,56,,,,,14993.5,0.0
0,800,ROSES,14997,30,14996.0,42.0,,,14998,72,,,,,14997.5,0.0
0,900,ROSES,14995,67,,,,,14997,67,,,,,14996.0,0.0
0,1000,ROSES,14994,19,14993.0,50.0,,,14995,69,,,,,14994.5,0.0
0,1100,ROSES,14995,65,,,,,14996,65,,,,,14995.5,0.0
0,1200,ROSES,14996,67,,,,,14997,67,,,,,14996.5,0.0
0,1300,ROSES,14996,78,,,,,14997,29,14998.0,49.0,,,14996.5,0.0
0,1400,ROSES,14994,24,14993.0,50.0,,,14995,74,,,,,14994.5,0.0
0,1500,ROSES,14993,64,,,,,14995,64,,,,,14994.0,0.0
0,1600,ROSES,14995,75,,,,,14997,75,,,,,14996.0,0.0
0,1700,ROSES,14992,17,14991.0,40.0,,,14993,57,,,,,14992.5,0.0
0,1800,ROSES,14990,56,,,,,14992,56,,,,,14991.0,0.0
0,1900,ROSES,14985,60,,,,,14986,60,,,,,14985.5,0.0
0,2000,ROSES,14981,64,,,,,14982,23,14983.0,41.0,,,14981.5,0.0
0,2100,ROSES,14976,69,,,,,14977,69,,,,,14976.5,0.0
0,2200,ROSES,14975,54,,,,,14977,54,,,,,14976.0,0.0
0,2300,ROSES,14972,24,14971.0,31.0,,,14973,55,,,,,14972.5,0.0
0,2400,ROSES,14972,69,,,,,14974,69,,,,,14973.0,0.0
0,2500,ROSES,14973,47,,,,,14974,47,,,,,14973.5,0.0
0,2600,ROSES,14972,66,,,,,14974,66,,,,,14973.0,0.0
0,2700,ROSES,14965,57,,,,,14967,57,,,,,14966.0,0.0
0,2800,ROSES,14964,20,14963.0,49.0,,,14965,69,,,,,14964.5,0.0
0,2900,ROSES,14964,28,14963.0,41.0,,,14965,69,,,,,14964.5,0.0
0,3000,ROSES,14964,66,,,,,14965,66,,,,,14964.5,0.0
0,3100,ROSES,14960,29,14959.0,40.0,,,14961,69,,,,,14960.5,0.0
0,3200,ROSES,14958,66,,,,,14959,22,14960.0,44.0,,,14958.5,0.0
0,3300,ROSES,14955,76,,,,,14957,76,,,,,14956.0,0.0
0,3400,ROSES,14953,60,,,,,14954,15,14955.0,45.0,,,14953.5,0.0
0,3500,ROSES,14956,59,,,,,14957,18,14958.0,41.0,,,14956.5,0.0
0,3600,ROSES,14954,60,,,,,14955,60,,,,,14954.5,0.0
0,3700,ROSES,14954,28,14953.0,47.0,,,14955,75,,,,,14954.5,0.0
0,3800,ROSES,14956,54,,,,,14957,24,14958.0,30.0,,,14956.5,0.0
0,3900,ROSES,14954,66,,,,,14956,66,,,,,14955.0,0.0
0,4000,ROSES,14954,48,,,,,14955,18,14956.0,30.0,,,14954.5,0.0
0,4100,ROSES,14954,57,,,,,14956,57,,,,,14955.0,0.0
0,4200,ROSES,14955,22,14954.0,34.0,,,14956,56,,,,,14955.5,0.0
0,4300,ROSES,14951,67,,,,,14952,18,14953.0,49.0,,,14951.5,0.0
0,4400,ROSES,14951,66,,,,,14953,66,,,,,14952.0,0.0
0,4500,ROSES,14955,65,,,,,14956,18,14957.0,47.0,,,14955.5,0.0
0,4600,ROSES,14951,66,,,,,14952,66,,,,,14951.5,0.0
0,4700,ROSES,14953,60,,,,,14955,60,,,,,14954.0,0.0
0,4800,ROSES,14954,18,14953.0,36.0,,,14955,54,,,,,14954.5,0.0
0,4900,ROSES,14952,64,,,,,14953,64,,,,,14952.5,0.0
0,5000,ROSES,14957,54,,,,,14959,54,,,,,14958.0,0.0
0,5100,ROSES,14960,29,14959.0,33.0,,,14961,62,,,,,14960.5,0.0
0,5200,ROSES,14956,49,,,,,14957,19,14958.0,30.0,,,14956.5,0.0
0,5300,ROSES,14956,74,,,,,14958,74,,,,,14957.0,0.0
0,5400,ROSES,14958,65,,,,,14959,65,,,,,14958.5,0.0
0,5500,ROSES,14957,52,,,,,14959,52,,,,,14958.0,0.0
0,5600,ROSES,14959,61,,,,,14961,61,,,,,14960.0,0.0
0,5700,ROSES,14959,52,,,,,14960,21,14961.0,31.0,,,14959.5,0.0
0,5800,ROSES,14961,68,,,,,14962,28,14963.0,40.0,,,14961.5,0.0
0,5900,ROSES,14965,53,,,,,14966,15,14967.0,38.0,,,14965.5,0.0
0,6000,ROSES,14963,68,,,,,14964,29,14965.0,39.0,,,14963.5,0.0
0,6100,ROSES,14964,29,14963.0,34.0,,,14965,63,,,,,14964.5,0.0
0,6200,ROSES,14962,73,,,,,14964,73,,,,,14963.0,0.0
0,6300,ROSES,14963,20,14962.0,33.0,,,14964,53,,,,,14963.5,0.0
0,6400,ROSES,14959,62,,,,,14961,62,,,,,14960.0,0.0
0,6500,ROSES,14958,18,14957.0,43.0,,,14959,61,,,,,14958.5,0.0
0,6600,ROSES,14957,53,,,,,14958,22,14959.0,31.0,,,14957.5,0.0
0,6700,ROSES,14960,26,14959.0,44.0,,,14961,70,,,,,14960.5,0.0
0,6800,ROSES,14963,54,,,,,14964,54,,,,,14963.5,0.0
0,6900,ROSES,14959,58,,,,,14960,17,14961.0,41.0,,,14959.5,0.0
0,7000,ROSES,14957,69,,,,,14958,69,,,,,14957.5,0.0
0,7100,ROSES,14959,18,14958.0,45.0,,,14960,63,,,,,14959.5,0.0
0,7200,ROSES,14953,60,,,,,14954,17,14955.0,43.0,,,14953.5,0.0
0,7300,ROSES,14952,16,14951.0,49.0,,,14953,65,,,,,14952.5,0.0
0,7400,ROSES,14951,60,,,,,14953,60,,,,,14952.0,0.0
0,7500,ROSES,14955,61,,,,,14956,61,,,,,14955.5,0.0
0,7600,ROSES,14957,64,,,,,14958,64,,,,,14957.5,0.0
0,7700,ROSES,14956,72,,,,,14957,72,,,,,14956.5,0.0
0,7800,ROSES,14955,72,,,,,14956,72,,,,,14955.5,0.0
0,7900,ROSES,14954,72,,,,,14956,72,,,,,14955.0,0.0
0,8000,ROSES,14959,26,14958.0,35.0,,,14960,61,,,,,14959.5,0.0
0,8100,ROSES,14957,77,,,,,14959,77,,,,,14958.0,0.0
0,8200,ROSES,14956,60,,,,,14958,60,,,,,14957.0,0.0
0,8300,ROSES,14957,67,,,,,14959,67,,,,,14958.0,0.0
0,8400,ROSES,14957,70,,,,,14958,22,14959.0,48.0,,,14957.5,0.0
0,8500,ROSES,14956,64,,,,,14958,64,,,,,14957.0,0.0
0,8600,ROSES,14953,69,,,,,14955,69,,,,,14954.0,0.0
0,8700,ROSES,14953,53,,,,,14955,50,,,,,14954.0,0.0
0,8800,ROSES,14952,70,,,,,14953,22,14954.0,48.0,,,14952.5,0.0
0,8900,ROSES,14955,69,,,,,14957,69,,,,,14956.0,0.0
0,9000,ROSES,14957,62,,,,,14958,15,14959.0,47.0,,,14957.5,0.0
0,9100,ROSES,14957,66,,,,,14958,28,14959.0,38.0,,,14957.5,0.0
0,9200,ROSES,14959,49,,,,,14960,49,,,,,14959.5,0.0
0,9300,ROSES,14958,53,,,,,14959,53,,,,,14958.5,0.0
0,9400,ROSES,14961,58,,,,,14962,58,,,,,14961.5,0.0
0,9500,ROSES,14961,67,,,,,14962,67,,,,,14961.5,0.0
0,9600,ROSES,14963,23,14962.0,41.0,,,14964,64,,,,,14963.5,0.0
0,9700,ROSES,14959,57,,,,,14960,57,,,,,14959.5,0.0
0,9800,ROSES,14960,46,,,,,14961,46,,,,,14960.5,0.0
0,9900,ROSES,14955,79,,,,,14956,29,14957.0,50.0,,,14955.5,0.0
0,10000,ROSES,14949,71,,,,,14951,71,,,,,14950.0,0.0
0,10100,ROSES,14948,59,,,,,14950,59,,,,,14949.0,0.0
0,10200,ROSES,14946,64,,,,,14947,64,,,,,14946.5,0.0
0,10300,ROSES,14946,60,,,,,14948,60,,,,,14947.0,0.0
0,10400,ROSES,14953,20,14952.0,33.0,,,14954,53,,,,,14953.5,0.0
0,10500,ROSES,14950,71,,,,,14952,71,,,,,14951.0,0.0
0,10600,ROSES,14949,29,14948.0,36.0,,,14950,65,,,,,14949.5,0.0
0,10700,ROSES,14949,53,,,,,14950,21,14951.0,32.0,,,14949.5,0.0
0,10800,ROSES,14950,57,,,,,14952,57,,,,,14951.0,0.0
0,10900,ROSES,14950,56,,,,,14951,56,,,,,14950.5,0.0
0,11000,ROSES,14949,62,,,,,14951,62,,,,,14950.0,0.0
0,11100,ROSES,14951,56,,,,,14953,56,,,,,14952.0,0.0
0,11200,ROSES,14953,64,,,,,14954,64,,,,,14953.5,0.0
0,11300,ROSES,14950,66,,,,,14951,66,,,,,14950.5,0.0
0,11400,ROSES,14950,30,14949.0,48.0,,,14951,78,,,,,14950.5,0.0
0,11500,ROSES,14950,29,14949.0,33.0,,,14951,62,,,,,14950.5,0.0
0,11600,ROSES,14947,23,14946.0,49.0,,,14948,72,,,,,14947.5,0.0
0,11700,ROSES,14947,69,,,,,14949,69,,,,,14948.0,0.0
0,11800,ROSES,14945,50,,,,,14946,18,14947.0,32.0,,,14945.5,0.0
0,11900,ROSES,14948,68,,,,,14949,68,,,,,14948.5,0.0
0,12000,ROSES,14948,79,,,,,14950,79,,,,,14949.0,0.0
0,12100,ROSES,14949,26,14948.0,32.0,,,14950,58,,,,,14949.5,0.0
0,12200,ROSES,14947,62,,,,,14948,62,,,,,14947.5,0.0
0,12300,ROSES,14946,60,,,,,14948,60,,,,,14947.0,0.0
0,12400,ROSES,14941,65,,,,,14942,65,,,,,14941.5,0.0
0,12500,ROSES,14938,23,14937.0,36.0,,,14939,59,,,,,14938.5,0.0
0,12600,ROSES,14939,18,14938.0,33.0,,,14940,51,,,,,14939.5,0.0
0,12700,ROSES,14933,17,14932.0,49.0,,,14934,70,,,,,14933.5,0.0
0,12800,ROSES,14935,73,,,,,14936,26,14937.0,47.0,,,14935.5,0.0
0,12900,ROSES,14930,65,,,,,14931,26,14932.0,39.0,,,14930.5,0.0
0,13000,ROSES,14932,61,,,,,14933,23,14934.0,38.0,,,14932.5,0.0
0,13100,ROSES,14930,68,,,,,14931,68,,,,,14930.5,0.0
0,13200,ROSES,14932,65,,,,,14933,23,14934.0,42.0,,,14932.5,0.0
0,13300,ROSES,14932,51,,,,,14934,51,,,,,14933.0,0.0
0,13400,ROSES,14928,46,,,,,14929,15,14930.0,31.0,,,14928.5,0.0
0,13500,ROSES,14932,16,14931.0,47.0,,,14933,63,,,,,14932.5,0.0
0,13600,ROSES,14936,18,14935.0,44.0,,,14937,62,,,,,14936.5,0.0
0,13700,ROSES,14935,68,,,,,14937,68,,,,,14936.0,0.0
0,13800,ROSES,14935,18,14934.0,30.0,,,14936,48,,,,,14935.5,0.0
0,13900,ROSES,14934,52,,,,,14935,21,14936.0,31.0,,,14934.5,0.0
0,14000,ROSES,14931,62,,,,,14933,62,,,,,14932.0,0.0
0,14100,ROSES,14934,58,,,,,14936,58,,,,,14935.0,0.0
0,14200,ROSES,14933,66,,,,,14934,66,,,,,14933.5,0.0
0,14300,ROSES,14933,74,,,,,14934,74,,,,,14933.5,0.0
0,14400,ROSES,14930,64,,,,,14932,64,,,,,14931.0,0.0
0,14500,ROSES,14929,16,14928.0,39.0,,,14930,55,,,,,14929.5,0.0
0,14600,ROSES,14925,70,,,,,14926,21,14927.0,49.0,,,14925.5,0.0
0,14700,ROSES,14929,19,14928.0,39.0,,,14930,58,,,,,14929.5,0.0
0,14800,ROSES,14928,66,,,,,14929,30,14930.0,36.0,,,14928.5,0.0
0,14900,ROSES,14931,62,,,,,14932,62,,,,,14931.5,0.0
0,15000,ROSES,14931,76,,,,,14932,76,,,,,14931.5,0.0
0,15100,ROSES,14929,65,,,,,14930,65,,,,,14929.5,0.0
0,15200,ROSES,14928,51,,,,,14929,20,14930.0,31.0,,,14928.5,0.0
0,15300,ROSES,14926,69,,,,,14928,69,,,,,14927.0,0.0
0,15400,ROSES,14926,61,,,,,14928,61,,,,,14927.0,0.0
0,15500,ROSES,14925,59,,,,,14927,59,,,,,14926.0,0.0
0,15600,ROSES,14925,21,14924.0,34.0,,,14926,61,,,,,14925.5,0.0
0,15700,ROSES,14921,17,14920.0,43.0,,,14922,60,,,,,14921.5,0.0
0,15800,ROSES,14918,71,,,,,14920,71,,,,,14919.0,0.0
0,15900,ROSES,14923,71,,,,,14924,30,14925.0,48.0,,,14923.5,0.0
0,16000,ROSES,14921,63,,,,,14922,30,14923.0,33.0,,,14921.5,0.0
0,16100,ROSES,14918,71,,,,,14919,25,14920.0,46.0,,,14918.5,0.0
0,16200,ROSES,14919,60,,,,,14920,18,14921.0,42.0,,,14919.5,0.0
0,16300,ROSES,14923,65,,,,,14924,19,14925.0,46.0,,,14923.5,0.0
0,16400,ROSES,14919,71,,,,,14920,71,,,,,14919.5,0.0
0,16500,ROSES,14918,66,,,,,14920,66,,,,,14919.0,0.0
0,16600,ROSES,14916,69,,,,,14918,69,,,,,14917.0,0.0
0,16700,ROSES,14912,23,14911.0,47.0,,,14913,70,,,,,14912.5,0.0
0,16800,ROSES,14914,20,14913.0,43.0,,,14915,63,,,,,14914.5,0.0
0,16900,ROSES,14914,29,14913.0,41.0,,,14915,70,,,,,14914.5,0.0
0,17000,ROSES,14914,29,14913.0,43.0,,,14915,72,,,,,14914.5,0.0
0,17100,ROSES,14912,27,14911.0,48.0,,,14913,75,,,,,14912.5,0.0
0,17200,ROSES,14913,65,,,,,14914,65,,,,,14913.5,0.0
0,17300,ROSES,14911,55,,,,,14913,55,,,,,14912.0,0.0
0,17400,ROSES,14911,61,,,,,14912,61,,,,,14911.5,0.0
0,17500,ROSES,14908,61,,,,,14909,61,,,,,14908.5,0.0
0,17600,ROSES,14904,62,,,,,14906,62,,,,,14905.0,0.0
0,17700,ROSES,14908,55,,,,,14909,19,14910.0,36.0,,,14908.5,0.0
0,17800,ROSES,14907,21,14906.0,31.0,,,14908,52,,,,,14907.5,0.0
0,17900,ROSES,14907,69,,,,,14909,69,,,,,14908.0,0.0
0,18000,ROSES,14907,60,,,,,14909,60,,,,,14908.0,0.0
0,18100,ROSES,14906,64,,,,,14907,27,14908.0,37.0,,,14906.5,0.0
0,18200,ROSES,14905,19,14904.0,49.0,,,14906,68,,,,,14905.5,0.0
0,18300,ROSES,14906,64,,,,,14908,64,,,,,14907.0,0.0
0,18400,ROSES,14906,19,14905.0,48.0,,,14907,67,,,,,14906.5,0.0
0,18500,ROSES,14905,58,,,,,14906,16,14907.0,42.0,,,14905.5,0.0
0,18600,ROSES,14905,60,,,,,14906,20,14907.0,40.0,,,14905.5,0.0
0,18700,ROSES,14908,66,,,,,14910,66,,,,,14909.0,0.0
0,18800,ROSES,14910,53,,,,,14912,53,,,,,14911.0,0.0
0,18900,ROSES,14911,58,,,,,14913,58,,,,,14912.0,0.0
0,19000,ROSES,14910,61,,,,,14911,61,,,,,14910.5,0.0
0,19100,ROSES,14906,61,,,,,14907,61,,,,,14906.5,0.0
0,19200,ROSES,14909,28,14908.0,39.0,,,14910,67,,,,,14909.5,0.0
0,19300,ROSES,14911,75,,,,,14913,75,,,,,14912.0,0.0
0,19400,ROSES,14911,62,,,,,14912,62,,,,,14911.5,0.0
0,19500,ROSES,14912,54,,,,,14914,54,,,,,14913.0,0.0
0,19600,ROSES,14915,22,14914.0,30.0,,,14916,52,,,,,14915.5,0.0
0,19700,ROSES,14917,63,,,,,14918,63,,,,,14917.5,0.0
0,19800,ROSES,14920,27,14919.0,41.0,,,14921,68,,,,,14920.5,0.0
0,19900,ROSES,14918,79,,,,,14920,79,,,,,14919.0,0.0
0,20000,ROSES,14922,64,,,,,14924,64,,,,,14923.0,0.0
0,20100,ROSES,14919,46,,,,,14920,46,,,,,14919.5,0.0
0,20200,ROSES,14921,53,,,,,14923,53,,,,,14922.0,0.0
0,20300,ROSES,14923,69,,,,,14924,69,,,,,14923.5,0.0
0,20400,ROSES,14925,74,,,,,14927,74,,,,,14926.0,0.0
0,20500,ROSES,14931,18,14930.0,35.0,,,14932,53,,,,,14931.5,0.0
0,20600,ROSES,14935,15,14934.0,36.0,,,14936,51,,,,,14935.5,0.0
0,20700,ROSES,14931,62,,,,,14933,62,,,,,14932.0,0.0
0,20800,ROSES,14927,15,14926.0,35.0,,,14928,50,,,,,14927.5,0.0
0,20900,ROSES,14929,68,,,,,14930,68,,,,,14929.5,0.0
0,21000,ROSES,14926,62,,,,,14927,21,14928.0,41.0,,,14926.5,0.0
0,21100,ROSES,14926,61,,,,,14927,19,14928.0,42.0,,,14926.5,0.0
0,21200,ROSES,14928,60,,,,,14930,60,,,,,14929.0,0.0
0,21300,ROSES,14924,58,,,,,14925,58,,,,,14924.5,0.0
0,21400,ROSES,14918,62,,,,,14919,62,,,,,14918.5,0.0
0,21500,ROSES,14919,15,14918.0,41.0,,,14920,56,,,,,14919.5,0.0
0,21600,ROSES,14919,13,14918.0,38.0,,,14920,55,,,,,14919.5,0.0
0,21700,ROSES,14918,61,,,,,14919,61,,,,,14918.5,0.0
0,21800,ROSES,14918,61,,,,,14919,15,14920.0,46.0,,,14918.5,0.0
0,21900,ROSES,14916,21,14915.0,46.0,,,14917,67,,,,,14916.5,0.0
0,22000,ROSES,14911,58,,,,,14913,58,,,,,14912.0,0.0
0,22100,ROSES,14911,62,,,,,14912,62,,,,,14911.5,0.0
0,22200,ROSES,14908,54,,,,,14909,21,14910.0,33.0,,,14908.5,0.0
0,22300,ROSES,14903,56,,,,,14905,56,,,,,14904.0,0.0
0,22400,ROSES,14905,77,,,,,14906,77,,,,,14905.5,0.0
0,22500,ROSES,14905,22,14904.0,41.0,,,14906,63,,,,,14905.5,0.0
0,22600,ROSES,14906,59,,,,,14907,59,,,,,14906.5,0.0
0,22700,ROSES,14903,67,,,,,14904,20,14905.0,47.0,,,14903.5,0.0
0,22800,ROSES,14901,55,,,,,14902,25,14903.0,30.0,,,14901.5,0.0
0,22900,ROSES,14898,61,,,,,14900,61,,,,,14899.0,0.0
0,23000,ROSES,14896,63,,,,,14897,63,,,,,14896.5,0.0
0,23100,ROSES,14896,75,,,,,14898,75,,,,,14897.0,0.0
0,23200,ROSES,14894,63,,,,,14895,19,14896.0,44.0,,,14894.5,0.0
0,23300,ROSES,14895,59,,,,,14896,22,14897.0,37.0,,,14895.5,0.0
0,23400,ROSES,14896,70,,,,,14897,22,14898.0,48.0,,,14896.5,0.0
0,23500,ROSES,14902,54,,,,,14903,54,,,,,14902.5,0.0
0,23600,ROSES,14898,55,,,,,14899,55,,,,,14898.5,0.0
0,23700,ROSES,14900,64,,,,,14902,64,,,,,14901.0,0.0
0,23800,ROSES,14900,72,,,,,14901,29,14902.0,43.0,,,14900.5,0.0
0,23900,ROSES,14900,60,,,,,14901,21,14902.0,39.0,,,14900.5,0.0
0,24000,ROSES,14896,58,,,,,14897,58,,,,,14896.5,0.0
0,24100,ROSES,14895,21,14894.0,44.0,,,14896,65,,,,,14895.5,0.0
0,24200,ROSES,14897,29,14896.0,42.0,,,14898,71,,,,,14897.5,0.0
0,24300,ROSES,14896,60,,,,,14898,60,,,,,14897.0,0.0
0,24400,ROSES,14897,29,14896.0,50.0,,,14898,79,,,,,14897.5,0.0
0,24500,ROSES,14896,60,,,,,14897,60,,,,,14896.5,0.0
0,24600,ROSES,14899,62,,,,,14900,24,14901.0,38.0,,,14899.5,0.0
0,24700,ROSES,14899,74,,,,,14900,74,,,,,14899.5,0.0
0,24800,ROSES,14893,57,,,,,14894,57,,,,,14893.5,0.0
0,24900,ROSES,14891,58,,,,,14892,58,,,,,14891.5,0.0
0,25000,ROSES,14885,57,,,,,14887,57,,,,,14886.0,0.0
0,25100,ROSES,14876,70,,,,,14877,30,14878.0,40.0,,,14876.5,0.0
0,25200,ROSES,14875,30,14874.0,44.0,,,14876,74,,,,,14875.5,0.0
0,25300,ROSES,14878,67,,,,,14880,67,,,,,14879.0,0.0
0,25400,ROSES,14879,10,14878.0,61.0,,,14880,61,,,,,14879.5,0.0
0,25500,ROSES,14875,63,,,,,14876,27,14877.0,36.0,,,14875.5,0.0
0,25600,ROSES,14873,20,14872.0,35.0,,,14874,55,,,,,14873.5,0.0
0,25700,ROSES,14876,21,14875.0,44.0,,,14877,65,,,,,14876.5,0.0
0,25800,ROSES,14876,70,,,,,14877,26,14878.0,44.0,,,14876.5,0.0
0,25900,ROSES,14876,51,,,,,14878,51,,,,,14877.0,0.0
0,26000,ROSES,14876,51,,,,,14877,15,14878.0,36.0,,,14876.5,0.0
0,26100,ROSES,14876,56,,,,,14877,23,14878.0,33.0,,,14876.5,0.0
0,26200,ROSES,14878,62,,,,,14880,62,,,,,14879.0,0.0
0,26300,ROSES,14880,68,,,,,14881,68,,,,,14880.5,0.0
0,26400,ROSES,14881,15,14880.0,49.0,,,14882,64,,,,,14881.5,0.0
0,26500,ROSES,14878,25,14877.0,38.0,,,14879,63,,,,,14878.5,0.0
0,26600,ROSES,14879,61,,,,,14880,19,14881.0,42.0,,,14879.5,0.0
0,26700,ROSES,14877,65,,,,,14878,24,14879.0,41.0,,,14877.5,0.0
0,26800,ROSES,14880,71,,,,,14881,21,14882.0,50.0,,,14880.5,0.0
0,26900,ROSES,14877,30,14876.0,42.0,,,14878,72,,,,,14877.5,0.0
0,27000,ROSES,14876,68,,,,,14877,26,14878.0,42.0,,,14876.5,0.0
0,27100,ROSES,14876,56,,,,,14877,17,14878.0,39.0,,,14876.5,0.0
0,27200,ROSES,14872,51,,,,,14874,51,,,,,14873.0,0.0
0,27300,ROSES,14877,61,,,,,14879,61,,,,,14878.0,0.0
0,27400,ROSES,14881,58,,,,,14883,58,,,,,14882.0,0.0
0,27500,ROSES,14880,47,,,,,14881,15,14882.0,32.0,,,14880.5,0.0
0,27600,ROSES,14882,47,,,,,14883,15,14884.0,32.0,,,14882.5,0.0
0,27700,ROSES,14883,61,,,,,14885,61,,,,,14884.0,0.0
0,27800,ROSES,14876,69,,,,,14877,69,,,,,14876.5,0.0
0,27900,ROSES,14877,21,14876.0,43.0,,,14878,64,,,,,14877.5,0.0
0,28000,ROSES,14876,75,,,,,14878,75,,,,,14877.0,0.0
0,28100,ROSES,14877,23,14876.0,33.0,,,14878,56,,,,,14877.5,0.0
0,28200,ROSES,14874,27,14873.0,36.0,,,14875,63,,,,,14874.5,0.0
0,28300,ROSES,14873,72,,,,,14874,72,,,,,14873.5,0.0
0,28400,ROSES,14872,74,,,,,14874,74,,,,,14873.0,0.0
0,28500,ROSES,14876,27,14875.0,37.0,,,14877,64,,,,,14876.5,0.0
0,28600,ROSES,14877,17,14876.0,47.0,,,14878,64,,,,,14877.5,0.0
0,28700,ROSES,14877,27,14876.0,40.0,,,14878,67,,,,,14877.5,0.0
0,28800,ROSES,14881,47,,,,,14882,47,,,,,14881.5,0.0
0,28900,ROSES,14879,62,,,,,14881,62,,,,,14880.0,0.0
0,29000,ROSES,14878,67,,,,,14879,21,14880.0,46.0,,,14878.5,0.0
0,29100,ROSES,14873,47,,,,,14874,16,14875.0,31.0,,,14873.5,0.0
0,29200,ROSES,14877,56,,,,,14879,56,,,,,14878.0,0.0
0,29300,ROSES,14880,46,,,,,14881,15,14882.0,31.0,,,14880.5,0.0
0,29400,ROSES,14883,22,14882.0,38.0,,,14884,60,,,,,14883.5,0.0
0,29500,ROSES,14885,15,14884.0,47.0,,,14886,62,,,,,14885.5,0.0
0,29600,ROSES,14885,56,,,,,14886,56,,,,,14885.5,0.0
0,29700,ROSES,14885,62,,,,,14887,62,,,,,14886.0,0.0
0,29800,ROSES,14885,22,14884.0,38.0,,,14886,60,,,,,14885.5,0.0
0,29900,ROSES,14884,65,,,,,14885,16,14886.0,49.0,,,14884.5,0.0
0,30000,ROSES,14884,48,,,,,14886,48,,,,,14885.0,0.0
0,30100,ROSES,14889,30,14888.0,45.0,,,14890,75,,,,,14889.5,0.0
0,30200,ROSES,14890,67,,,,,14891,30,14892.0,37.0,,,14890.5,0.0
0,30300,ROSES,14890,48,,,,,14891,48,,,,,14890.5,0.0
0,30400,ROSES,14888,58,,,,,14890,58,,,,,14889.0,0.0
0,30500,ROSES,14887,6,14886.0,53.0,,,14888,53,,,,,14887.5,0.0
0,30600,ROSES,14891,64,,,,,14892,64,,,,,14891.5,0.0
0,30700,ROSES,14892,54,,,,,14894,54,,,,,14893.0,0.0
0,30800,ROSES,14893,15,14892.0,32.0,,,14894,47,,,,,14893.5,0.0
0,30900,ROSES,14892,18,14891.0,41.0,,,14893,59,,,,,14892.5,0.0
0,31000,ROSES,14888,66,,,,,14890,66,,,,,14889.0,0.0
0,31100,ROSES,14888,64,,,,,14890,64,,,,,14889.0,0.0
0,31200,ROSES,14891,25,14890.0,35.0,,,14892,60,,,,,14891.5,0.0
0,31300,ROSES,14890,16,14889.0,43.0,,,14891,59,,,,,14890.5,0.0
0,31400,ROSES,14889,75,,,,,14890,75,,,,,14889.5,0.0
0,31500,ROSES,14888,55,,,,,14890,55,,,,,14889.0,0.0
0,31600,ROSES,14889,25,14888.0,50.0,,,14890,75,,,,,14889.5,0.0
0,31700,ROSES,14884,56,,,,,14885,23,14886.0,33.0,,,14884.5,0.0
0,31800,ROSES,14883,70,,,,,14885,70,,,,,14884.0,0.0
0,31900,ROSES,14881,59,,,,,14882,17,14883.0,42.0,,,14881.5,0.0
0,32000,ROSES,14883,54,,,,,14884,5,14885.0,54.0,,,14883.5,0.0
0,32100,ROSES,14881,70,,,,,14883,70,,,,,14882.0,0.0
0,32200,ROSES,14883,66,,,,,14884,66,,,,,14883.5,0.0
0,32300,ROSES,14887,48,,,,,14888,15,14889.0,33.0,,,14887.5,0.0
0,32400,ROSES,14886,62,,,,,14888,62,,,,,14887.0,0.0
0,32500,ROSES,14885,15,14884.0,32.0,,,14886,47,,,,,14885.5,0.0
0,32600,ROSES,14885,63,,,,,14886,15,14887.0,48.0,,,14885.5,0.0
0,32700,ROSES,14885,63,,,,,14886,21,14887.0,42.0,,,14885.5,0.0
0,32800,ROSES,14882,73,,,,,14884,73,,,,,14883.0,0.0
0,32900,ROSES,14884,20,14883.0,45.0,,,14885,65,,,,,14884.5,0.0
0,33000,ROSES,14889,73,,,,,14891,73,,,,,14890.0,0.0
0,33100,ROSES,14889,22,14888.0,49.0,,,14890,71,,,,,14889.5,0.0
0,33200,ROSES,14888,55,,,,,14889,55,,,,,14888.5,0.0
0,33300,ROSES,14885,53,,,,,14886,53,,,,,14885.5,0.0
0,33400,ROSES,14886,48,,,,,14887,48,,,,,14886.5,0.0
0,33500,ROSES,14882,61,,,,,14884,61,,,,,14883.0,0.0
0,33600,ROSES,14879,60,,,,,14881,60,,,,,14880.0,0.0
0,33700,ROSES,14883,55,,,,,14884,55,,,,,14883.5,0.0
0,33800,ROSES,14880,59,,,,,14882,59,,,,,14881.0,0.0
0,33900,ROSES,14883,63,,,,,14885,63,,,,,14884.0,0.0
0,34000,ROSES,14888,23,14887.0,43.0,,,14889,66,,,,,14888.5,0.0
0,34100,ROSES,14888,67,,,,,14890,67,,,,,14889.0,0.0
0,34200,ROSES,14890,77,,,,,14891,77,,,,,14890.5,0.0
0,34300,ROSES,14895,58,,,,,14897,58,,,,,14896.0,0.0
0,34400,ROSES,14895,70,,,,,14896,70,,,,,14895.5,0.0
0,34500,ROSES,14893,65,,,,,14894,24,14895.0,41.0,,,14893.5,0.0
0,34600,ROSES,14889,54,,,,,14891,54,,,,,14890.0,0.0
0,34700,ROSES,14889,64,,,,,14891,64,,,,,14890.0,0.0
0,34800,ROSES,14893,57,,,,,14895,57,,,,,14894.0,0.0
0,34900,ROSES,14896,58,,,,,14897,24,14898.0,34.0,,,14896.5,0.0
0,35000,ROSES,14894,25,14893.0,35.0,,,14895,60,,,,,14894.5,0.0
0,35100,ROSES,14891,51,,,,,14892,21,14893.0,33.0,,,14891.5,0.0
0,35200,ROSES,14890,24,14889.0,48.0,,,14891,72,,,,,14890.5,0.0
0,35300,ROSES,14890,60,,,,,14892,60,,,,,14891.0,0.0
0,35400,ROSES,14890,58,,,,,14891,58,,,,,14890.5,0.0
0,35500,ROSES,14890,57,,,,,14892,57,,,,,14891.0,0.0
0,35600,ROSES,14891,63,,,,,14893,63,,,,,14892.0,0.0
0,35700,ROSES,14890,69,,,,,14892,69,,,,,14891.0,0.0
0,35800,ROSES,14890,74,,,,,14892,74,,,,,14891.0,0.0
0,35900,ROSES,14891,63,,,,,14892,63,,,,,14891.5,0.0
0,36000,ROSES,14891,26,14890.0,49.0,,,14892,75,,,,,14891.5,0.0
0,36100,ROSES,14892,70,,,,,14893,27,14894.0,43.0,,,14892.5,0.0
0,36200,ROSES,14897,50,,,,,14899,50,,,,,14898.0,0.0
0,36300,ROSES,14899,59,,,,,14900,59,,,,,14899.5,0.0
0,36400,ROSES,14899,58,,,,,14900,15,14901.0,43.0,,,14899.5,0.0
0,36500,ROSES,14894,66,,,,,14896,66,,,,,14895.0,0.0
0,36600,ROSES,14895,61,,,,,14897,61,,,,,14896.0,0.0
0,36700,ROSES,14890,49,,,,,14891,49,,,,,14890.5,0.0
0,36800,ROSES,14886,56,,,,,14887,56,,,,,14886.5,0.0
0,36900,ROSES,14888,53,,,,,14890,53,,,,,14889.0,0.0
0,37000,ROSES,14890,62,,,,,14892,62,,,,,14891.0,0.0
0,37100,ROSES,14890,70,,,,,14891,70,,,,,14890.5,0.0
0,37200,ROSES,14885,69,,,,,14886,28,14887.0,41.0,,,14885.5,0.0
0,37300,ROSES,14884,60,,,,,14885,25,14886.0,35.0,,,14884.5,0.0
0,37400,ROSES,14882,78,,,,,14883,30,14884.0,48.0,,,14882.5,0.0
0,37500,ROSES,14884,54,,,,,14885,54,,,,,14884.5,0.0
0,37600,ROSES,14890,73,,,,,14892,73,,,,,14891.0,0.0
0,37700,ROSES,14891,68,,,,,14892,68,,,,,14891.5,0.0
0,37800,ROSES,14889,29,14888.0,33.0,,,14890,62,,,,,14889.5,0.0
0,37900,ROSES,14885,59,,,,,14887,59,,,,,14886.0,0.0
0,38000,ROSES,14885,61,,,,,14886,21,14887.0,40.0,,,14885.5,0.0
0,38100,ROSES,14885,22,14884.0,31.0,,,14886,53,,,,,14885.5,0.0
0,38200,ROSES,14881,57,,,,,14883,57,,,,,14882.0,0.0
0,38300,ROSES,14882,15,14881.0,43.0,,,14883,58,,,,,14882.5,0.0
0,38400,ROSES,14878,61,,,,,14880,61,,,,,14879.0,0.0
0,38500,ROSES,14882,20,14881.0,36.0,,,14883,56,,,,,14882.5,0.0
0,38600,ROSES,14885,15,14884.0,32.0,,,14886,47,,,,,14885.5,0.0
0,38700,ROSES,14888,20,14887.0,50.0,,,14889,70,,,,,14888.5,0.0
0,38800,ROSES,14886,54,,,,,14888,54,,,,,14887.0,0.0
0,38900,ROSES,14888,19,14887.0,33.0,,,14889,52,,,,,14888.5,0.0
0,39000,ROSES,14887,59,,,,,14889,59,,,,,14888.0,0.0
0,39100,ROSES,14886,48,,,,,14887,16,14888.0,32.0,,,14886.5,0.0
0,39200,ROSES,14885,66,,,,,14887,66,,,,,14886.0,0.0
0,39300,ROSES,14882,16,14881.0,50.0,,,14883,66,,,,,14882.5,0.0
0,39400,ROSES,14877,57,,,,,14879,57,,,,,14878.0,0.0
0,39500,ROSES,14880,23,14879.0,44.0,,,14881,67,,,,,14880.5,0.0
0,39600,ROSES,14879,56,,,,,14880,17,14881.0,39.0,,,14879.5,0.0
0,39700,ROSES,14880,59,,,,,14881,59,,,,,14880.5,0.0
0,39800,ROSES,14883,21,14882.0,50.0,,,14884,71,,,,,14883.5,0.0
0,39900,ROSES,14878,14,14877.0,34.0,,,14879,54,,,,,14878.5,0.0
0,40000,ROSES,14875,64,,,,,14877,64,,,,,14876.0,0.0
0,40100,ROSES,14876,66,,,,,14877,66,,,,,14876.5,0.0
0,40200,ROSES,14877,52,,,,,14878,21,14879.0,31.0,,,14877.5,0.0
0,40300,ROSES,14876,71,,,,,14877,71,,,,,14876.5,0.0
0,40400,ROSES,14879,65,,,,,14880,65,,,,,14879.5,0.0
0,40500,ROSES,14879,56,,,,,14881,56,,,,,14880.0,0.0
0,40600,ROSES,14876,61,,,,,14877,18,14878.0,43.0,,,14876.5,0.0
0,40700,ROSES,14873,56,,,,,14874,8,14875.0,56.0,,,14873.5,0.0
0,40800,ROSES,14876,29,14875.0,36.0,,,14877,65,,,,,14876.5,0.0
0,40900,ROSES,14877,70,,,,,14878,70,,,,,14877.5,0.0
0,41000,ROSES,14872,29,14871.0,47.0,,,14873,76,,,,,14872.5,0.0
0,41100,ROSES,14875,53,,,,,14877,53,,,,,14876.0,0.0
0,41200,ROSES,14877,59,,,,,14878,20,14879.0,48.0,,,14877.5,0.0
0,41300,ROSES,14881,69,,,,,14882,69,,,,,14881.5,0.0
0,41400,ROSES,14880,29,14879.0,37.0,,,14881,66,,,,,14880.5,0.0
0,41500,ROSES,14879,57,,,,,14880,57,,,,,14879.5,0.0
0,41600,ROSES,14876,24,14875.0,38.0,,,14877,62,,,,,14876.5,0.0
0,41700,ROSES,14883,58,,,,,14884,58,,,,,14883.5,0.0
0,41800,ROSES,14882,73,,,,,14884,73,,,,,14883.0,0.0
0,41900,ROSES,14887,74,,,,,14888,74,,,,,14887.5,0.0
0,42000,ROSES,14885,55,,,,,14886,55,,,,,14885.5,0.0
0,42100,ROSES,14885,75,,,,,14887,75,,,,,14886.0,0.0
0,42200,ROSES,14881,23,14880.0,42.0,,,14882,65,,,,,14881.5,0.0
0,42300,ROSES,14880,21,14879.0,35.0,,,14881,56,,,,,14880.5,0.0
0,42400,ROSES,14882,68,,,,,14884,68,,,,,14883.0,0.0
0,42500,ROSES,14879,67,,,,,14880,67,,,,,14879.5,0.0
0,42600,ROSES,14882,58,,,,,14883,58,,,,,14882.5,0.0
0,42700,ROSES,14883,55,,,,,14884,55,,,,,14883.5,0.0
0,42800,ROSES,14880,61,,,,,14881,61,,,,,14880.5,0.0
0,42900,ROSES,14878,59,,,,,14880,59,,,,,14879.0,0.0
0,43000,ROSES,14877,69,,,,,14878,21,14879.0,48.0,,,14877.5,0.0
0,43100,ROSES,14877,72,,,,,14878,72,,,,,14877.5,0.0
0,43200,ROSES,14875,65,,,,,14877,65,,,,,14876.0,0.0
0,43300,ROSES,14873,61,,,,,14874,17,14875.0,44.0,,,14873.5,0.0
0,43400,ROSES,14872,52,,,,,14873,21,14874.0,31.0,,,14872.5,0.0
0,43500,ROSES,14869,61,,,,,14871,61,,,,,14870.0,0.0
0,43600,ROSES,14866,19,14865.0,49.0,,,14867,68,,,,,14866.5,0.0
0,43700,ROSES,14866,30,14865.0,34.0,,,14867,64,,,,,14866.5,0.0
0,43800,ROSES,14868,49,,,,,14869,16,14870.0,33.0,,,14868.5,0.0
0,43900,ROSES,14864,23,14863.0,48.0,,,14865,71,,,,,14864.5,0.0
0,44000,ROSES,14864,25,14863.0,44.0,,,14865,69,,,,,14864.5,0.0
0,44100,ROSES,14862,60,,,,,14863,60,,,,,14862.5,0.0
0,44200,ROSES,14859,53,,,,,14860,22,14861.0,31.0,,,14859.5,0.0
0,44300,ROSES,14861,75,,,,,14863,75,,,,,14862.0,0.0
0,44400,ROSES,14860,70,,,,,14861,20,14862.0,50.0,,,14860.5,0.0
0,44500,ROSES,14864,60,,,,,14866,60,,,,,14865.0,0.0
0,44600,ROSES,14862,65,,,,,14863,20,14864.0,45.0,,,14862.5,0.0
0,44700,ROSES,14863,65,,,,,14864,19,14865.0,46.0,,,14863.5,0.0
0,44800,ROSES,14862,57,,,,,14864,57,,,,,14863.0,0.0
0,44900,ROSES,14860,75,,,,,14862,75,,,,,14861.0,0.0
0,45000,ROSES,14862,56,,,,,14863,56,,,,,14862.5,0.0
0,45100,ROSES,14861,55,,,,,14863,55,,,,,14862.0,0.0
0,45200,ROSES,14863,55,,,,,14864,23,14865.0,32.0,,,14863.5,0.0
0,45300,ROSES,14863,64,,,,,14864,21,14865.0,43.0,,,14863.5,0.0
0,45400,ROSES,14860,62,,,,,14861,62,,,,,14860.5,0.0
0,45500,ROSES,14860,26,14859.0,41.0,,,14861,67,,,,,14860.5,0.0
0,45600,ROSES,14860,75,,,,,14861,75,,,,,14860.5,0.0
0,45700,ROSES,14862,70,,,,,14864,70,,,,,14863.0,0.0
0,45800,ROSES,14860,60,,,,,14861,60,,,,,14860.5,0.0
0,45900,ROSES,14860,68,,,,,14861,68,,,,,14860.5,0.0
0,46000,ROSES,14855,63,,,,,14856,63,,,,,14855.5,0.0
0,46100,ROSES,14857,64,,,,,14858,64,,,,,14857.5,0.0
0,46200,ROSES,14854,70,,,,,14855,70,,,,,14854.5,0.0
0,46300,ROSES,14849,25,14848.0,42.0,,,14850,67,,,,,14849.5,0.0
0,46400,ROSES,14848,66,,,,,14850,66,,,,,14849.0,0.0
0,46500,ROSES,14852,29,14851.0,41.0,,,14853,70,,,,,14852.5,0.0
0,46600,ROSES,14847,58,,,,,14849,58,,,,,14848.0,0.0
0,46700,ROSES,14844,60,,,,,14846,60,,,,,14845.0,0.0
0,46800,ROSES,14842,53,,,,,14843,21,14844.0,32.0,,,14842.5,0.0
0,46900,ROSES,14839,64,,,,,14840,64,,,,,14839.5,0.0
0,47000,ROSES,14840,53,,,,,14841,30,14842.0,32.0,,,14840.5,0.0
0,47100,ROSES,14838,19,14837.0,31.0,,,14839,50,,,,,14838.5,0.0
0,47200,ROSES,14836,19,14835.0,44.0,,,14837,63,,,,,14836.5,0.0
0,47300,ROSES,14837,56,,,,,14839,56,,,,,14838.0,0.0
0,47400,ROSES,14835,56,,,,,14836,18,14837.0,38.0,,,14835.5,0.0
0,47500,ROSES,14836,63,,,,,14838,63,,,,,14837.0,0.0
0,47600,ROSES,14834,28,14833.0,41.0,,,14835,69,,,,,14834.5,0.0
0,47700,ROSES,14830,62,,,,,14832,62,,,,,14831.0,0.0
0,47800,ROSES,14825,70,,,,,14826,30,14827.0,40.0,,,14825.5,0.0
0,47900,ROSES,14830,79,,,,,14832,79,,,,,14831.0,0.0
0,48000,ROSES,14829,77,,,,,14831,77,,,,,14830.0,0.0
0,48100,ROSES,14830,58,,,,,14831,24,14832.0,34.0,,,14830.5,0.0
0,48200,ROSES,14830,58,,,,,14831,58,,,,,14830.5,0.0
0,48300,ROSES,14831,8,14830.0,76.0,,,14832,76,,,,,14831.5,0.0
0,48400,ROSES,14831,30,14830.0,42.0,,,14832,72,,,,,14831.5,0.0
0,48500,ROSES,14836,53,,,,,14837,53,,,,,14836.5,0.0
0,48600,ROSES,14833,54,,,,,14834,54,,,,,14833.5,0.0
0,48700,ROSES,14829,22,14828.0,33.0,,,14830,55,,,,,14829.5,0.0
0,48800,ROSES,14826,27,14825.0,43.0,,,14827,70,,,,,14826.5,0.0
0,48900,ROSES,14822,66,,,,,14823,66,,,,,14822.5,0.0
0,49000,ROSES,14824,75,,,,,14825,25,14826.0,50.0,,,14824.5,0.0
0,49100,ROSES,14826,67,,,,,14828,67,,,,,14827.0,0.0
0,49200,ROSES,14824,18,14823.0,32.0,,,14825,50,,,,,14824.5,0.0
0,49300,ROSES,14820,19,14819.0,47.0,,,14821,66,,,,,14820.5,0.0
0,49400,ROSES,14819,27,14818.0,31.0,,,14820,58,,,,,14819.5,0.0
0,49500,ROSES,14823,25,14822.0,46.0,,,14824,71,,,,,14823.5,0.0
0,49600,ROSES,14815,19,14814.0,48.0,,,14816,67,,,,,14815.5,0.0
0,49700,ROSES,14816,60,,,,,14817,24,14818.0,36.0,,,14816.5,0.0
0,49800,ROSES,14813,80,,,,,14814,30,14815.0,50.0,,,14813.5,0.0
0,49900,ROSES,14816,55,,,,,14817,22,14818.0,33.0,,,14816.5,0.0
0,50000,ROSES,14813,57,,,,,14814,20,14815.0,37.0,,,14813.5,0.0
0,50100,ROSES,14812,55,,,,,14813,15,14814.0,40.0,,,14812.5,0.0
0,50200,ROSES,14808,71,,,,,14809,71,,,,,14808.5,0.0
0,50300,ROSES,14805,63,,,,,14807,70,,,,,14806.0,0.0
0,50400,ROSES,14809,70,,,,,14810,22,14811.0,48.0,,,14809.5,0.0
0,50500,ROSES,14811,54,,,,,14813,54,,,,,14812.0,0.0
0,50600,ROSES,14810,63,,,,,14812,63,,,,,14811.0,0.0
0,50700,ROSES,14808,61,,,,,14809,61,,,,,14808.5,0.0
0,50800,ROSES,14802,62,,,,,14804,62,,,,,14803.0,0.0
0,50900,ROSES,14801,52,,,,,14803,52,,,,,14802.0,0.0
0,51000,ROSES,14801,61,,,,,14803,61,,,,,14802.0,0.0
0,51100,ROSES,14801,58,,,,,14802,15,14803.0,43.0,,,14801.5,0.0
0,51200,ROSES,14801,60,,,,,14802,60,,,,,14801.5,0.0
0,51300,ROSES,14798,25,14797.0,48.0,,,14799,73,,,,,14798.5,0.0
0,51400,ROSES,14797,50,,,,,14799,50,,,,,14798.0,0.0
0,51500,ROSES,14797,48,,,,,14799,48,,,,,14798.0,0.0
0,51600,ROSES,14801,56,,,,,14802,56,,,,,14801.5,0.0
0,51700,ROSES,14806,63,,,,,14807,21,14808.0,42.0,,,14806.5,0.0
0,51800,ROSES,14806,21,14805.0,49.0,,,14807,70,,,,,14806.5,0.0
0,51900,ROSES,14804,19,14803.0,31.0,,,14805,50,,,,,14804.5,0.0
0,52000,ROSES,14803,67,,,,,14805,67,,,,,14804.0,0.0
0,52100,ROSES,14802,28,14801.0,43.0,,,14803,71,,,,,14802.5,0.0
0,52200,ROSES,14800,23,14799.0,35.0,,,14801,58,,,,,14800.5,0.0
0,52300,ROSES,14800,6,14799.0,54.0,,,14801,54,,,,,14800.5,0.0
0,52400,ROSES,14796,57,,,,,14798,57,,,,,14797.0,0.0
0,52500,ROSES,14798,55,,,,,14799,20,14800.0,35.0,,,14798.5,0.0
0,52600,ROSES,14798,47,,,,,14799,47,,,,,14798.5,0.0
0,52700,ROSES,14799,20,14798.0,49.0,,,14800,69,,,,,14799.5,0.0
0,52800,ROSES,14798,59,,,,,14799,17,14800.0,42.0,,,14798.5,0.0
0,52900,ROSES,14796,69,,,,,14797,69,,,,,14796.5,0.0
0,53000,ROSES,14793,72,,,,,14795,72,,,,,14794.0,0.0
0,53100,ROSES,14793,30,14792.0,36.0,,,14794,66,,,,,14793.5,0.0
0,53200,ROSES,14791,67,,,,,14792,27,14793.0,40.0,,,14791.5,0.0
0,53300,ROSES,14792,29,14791.0,47.0,,,14793,76,,,,,14792.5,0.0
0,53400,ROSES,14792,30,14791.0,45.0,,,14793,75,,,,,14792.5,0.0
0,53500,ROSES,14788,64,,,,,14789,64,,,,,14788.5,0.0
0,53600,ROSES,14788,53,,,,,14789,23,14790.0,30.0,,,14788.5,0.0
0,53700,ROSES,14784,66,,,,,14786,66,,,,,14785.0,0.0
0,53800,ROSES,14783,15,14782.0,40.0,,,14784,55,,,,,14783.5,0.0
0,53900,ROSES,14782,73,,,,,14783,73,,,,,14782.5,0.0
0,54000,ROSES,14776,52,,,,,14777,52,,,,,14776.5,0.0
0,54100,ROSES,14776,69,,,,,14777,30,14778.0,39.0,,,14776.5,0.0
0,54200,ROSES,14777,27,14776.0,34.0,,,14778,61,,,,,14777.5,0.0
0,54300,ROSES,14776,77,,,,,14777,30,14778.0,47.0,,,14776.5,0.0
0,54400,ROSES,14775,64,,,,,14776,64,,,,,14775.5,0.0
0,54500,ROSES,14774,60,,,,,14775,60,,,,,14774.5,0.0
0,54600,ROSES,14771,45,,,,,14772,15,14773.0,30.0,,,14771.5,0.0
0,54700,ROSES,14770,68,,,,,14772,68,,,,,14771.0,0.0
0,54800,ROSES,14769,79,,,,,14770,79,,,,,14769.5,0.0
0,54900,ROSES,14769,72,,,,,14770,23,14771.0,49.0,,,14769.5,0.0
0,55000,ROSES,14766,25,14765.0,48.0,,,14767,73,,,,,14766.5,0.0
0,55100,ROSES,14766,61,,,,,14768,61,,,,,14767.0,0.0
0,55200,ROSES,14767,17,14766.0,45.0,,,14768,62,,,,,14767.5,0.0
0,55300,ROSES,14766,59,,,,,14768,59,,,,,14767.0,0.0
0,55400,ROSES,14765,62,,,,,14766,26,14767.0,36.0,,,14765.5,0.0
0,55500,ROSES,14767,19,14766.0,39.0,,,14768,58,,,,,14767.5,0.0
0,55600,ROSES,14762,66,,,,,14763,66,,,,,14762.5,0.0
0,55700,ROSES,14763,48,,,,,14765,48,,,,,14764.0,0.0
0,55800,ROSES,14764,63,,,,,14765,63,,,,,14764.5,0.0
0,55900,ROSES,14765,17,14764.0,49.0,,,14766,66,,,,,14765.5,0.0
0,56000,ROSES,14766,62,,,,,14767,62,,,,,14766.5,0.0
0,56100,ROSES,14764,62,,,,,14765,62,,,,,14764.5,0.0
0,56200,ROSES,14763,61,,,,,14764,23,14765.0,38.0,,,14763.5,0.0
0,56300,ROSES,14765,68,,,,,14766,68,,,,,14765.5,0.0
0,56400,ROSES,14766,47,,,,,14767,16,14768.0,31.0,,,14766.5,0.0
0,56500,ROSES,14767,15,14766.0,39.0,,,14768,54,,,,,14767.5,0.0
0,56600,ROSES,14762,56,,,,,14764,56,,,,,14763.0,0.0
0,56700,ROSES,14764,65,,,,,14765,65,,,,,14764.5,0.0
0,56800,ROSES,14767,53,,,,,14768,17,14769.0,36.0,,,14767.5,0.0
0,56900,ROSES,14770,63,,,,,14771,30,14772.0,33.0,,,14770.5,0.0
0,57000,ROSES,14771,17,14770.0,30.0,,,14772,47,,,,,14771.5,0.0
0,57100,ROSES,14766,69,,,,,14768,69,,,,,14767.0,0.0
0,57200,ROSES,14769,58,,,,,14770,58,,,,,14769.5,0.0
0,57300,ROSES,14768,51,,,,,14770,51,,,,,14769.0,0.0
0,57400,ROSES,14761,67,,,,,14763,67,,,,,14762.0,0.0
0,57500,ROSES,14762,65,,,,,14764,65,,,,,14763.0,0.0
0,57600,ROSES,14758,64,,,,,14760,64,,,,,14759.0,0.0
0,57700,ROSES,14755,17,14754.0,34.0,,,14756,51,,,,,14755.5,0.0
0,57800,ROSES,14753,57,,,,,14754,57,,,,,14753.5,0.0
0,57900,ROSES,14756,54,,,,,14758,54,,,,,14757.0,0.0
0,58000,ROSES,14755,63,,,,,14757,63,,,,,14756.0,0.0
0,58100,ROSES,14756,57,,,,,14757,17,14758.0,40.0,,,14756.5,0.0
0,58200,ROSES,14761,64,,,,,14762,64,,,,,14761.5,0.0
0,58300,ROSES,14765,66,,,,,14767,66,,,,,14766.0,0.0
0,58400,ROSES,14765,70,,,,,14766,25,14767.0,45.0,,,14765.5,0.0
0,58500,ROSES,14764,74,,,,,14766,74,,,,,14765.0,0.0
0,58600,ROSES,14761,61,,,,,14762,61,,,,,14761.5,0.0
0,58700,ROSES,14759,63,,,,,14760,63,,,,,14759.5,0.0
0,58800,ROSES,14760,74,,,,,14761,28,14762.0,46.0,,,14760.5,0.0
0,58900,ROSES,14761,61,,,,,14762,27,14763.0,34.0,,,14761.5,0.0
0,59000,ROSES,14761,71,,,,,14763,71,,,,,14762.0,0.0
0,59100,ROSES,14764,63,,,,,14766,63,,,,,14765.0,0.0
0,59200,ROSES,14762,54,,,,,14763,20,14764.0,34.0,,,14762.5,0.0
0,59300,ROSES,14762,77,,,,,14763,77,,,,,14762.5,0.0
0,59400,ROSES,14764,64,,,,,14765,64,,,,,14764.5,0.0
0,59500,ROSES,14766,18,14765.0,36.0,,,14767,54,,,,,14766.5,0.0
0,59600,ROSES,14769,28,14768.0,44.0,,,14770,72,,,,,14769.5,0.0
0,59700,ROSES,14770,27,14769.0,33.0,,,14771,60,,,,,14770.5,0.0
0,59800,ROSES,14769,49,,,,,14770,49,,,,,14769.5,0.0
0,59900,ROSES,14770,64,,,,,14771,64,,,,,14770.5,0.0
0,60000,ROSES,14767,68,,,,,14768,68,,,,,14767.5,0.0
0,60100,ROSES,14762,76,,,,,14764,76,,,,,14763.0,0.0
0,60200,ROSES,14764,58,,,,,14765,21,14766.0,37.0,,,14764.5,0.0
0,60300,ROSES,14764,47,,,,,14765,47,,,,,14764.5,0.0
0,60400,ROSES,14765,19,14764.0,42.0,,,14766,61,,,,,14765.5,0.0
0,60500,ROSES,14760,58,,,,,14761,58,,,,,14760.5,0.0
0,60600,ROSES,14759,69,,,,,14760,69,,,,,14759.5,0.0
0,60700,ROSES,14757,61,,,,,14759,61,,,,,14758.0,0.0
0,60800,ROSES,14755,77,,,,,14756,77,,,,,14755.5,0.0
0,60900,ROSES,14748,64,,,,,14750,64,,,,,14749.0,0.0
0,61000,ROSES,14748,18,14747.0,43.0,,,14749,61,,,,,14748.5,0.0
0,61100,ROSES,14750,55,,,,,14751,24,14752.0,31.0,,,14750.5,0.0
0,61200,ROSES,14751,70,,,,,14752,22,14753.0,48.0,,,14751.5,0.0
0,61300,ROSES,14749,75,,,,,14751,75,,,,,14750.0,0.0
0,61400,ROSES,14749,54,,,,,14751,54,,,,,14750.0,0.0
0,61500,ROSES,14751,57,,,,,14753,57,,,,,14752.0,0.0
0,61600,ROSES,14744,55,,,,,14745,55,,,,,14744.5,0.0
0,61700,ROSES,14743,57,,,,,14745,57,,,,,14744.0,0.0
0,61800,ROSES,14745,58,,,,,14746,58,,,,,14745.5,0.0
0,61900,ROSES,14747,65,,,,,14748,65,,,,,14747.5,0.0
0,62000,ROSES,14752,30,14751.0,46.0,,,14753,76,,,,,14752.5,0.0
0,62100,ROSES,14755,16,14754.0,31.0,,,14756,47,,,,,14755.5,0.0
0,62200,ROSES,14756,27,14755.0,45.0,,,14757,72,,,,,14756.5,0.0
0,62300,ROSES,14756,51,,,,,14758,51,,,,,14757.0,0.0
0,62400,ROSES,14759,26,14758.0,30.0,,,14760,56,,,,,14759.5,0.0
0,62500,ROSES,14757,61,,,,,14758,17,14759.0,44.0,,,14757.5,0.0
0,62600,ROSES,14757,56,,,,,14758,56,,,,,14757.5,0.0
0,62700,ROSES,14759,62,,,,,14761,62,,,,,14760.0,0.0
0,62800,ROSES,14765,65,,,,,14766,65,,,,,14765.5,0.0
0,62900,ROSES,14764,65,,,,,14766,65,,,,,14765.0,0.0
0,63000,ROSES,14764,78,,,,,14766,78,,,,,14765.0,0.0
0,63100,ROSES,14765,46,,,,,14766,46,,,,,14765.5,0.0
0,63200,ROSES,14769,26,14768.0,31.0,,,14770,57,,,,,14769.5,0.0
0,63300,ROSES,14768,79,,,,,14770,79,,,,,14769.0,0.0
0,63400,ROSES,14773,19,14772.0,35.0,,,14774,54,,,,,14773.5,0.0
0,63500,ROSES,14770,58,,,,,14771,58,,,,,14770.5,0.0
0,63600,ROSES,14769,63,,,,,14771,63,,,,,14770.0,0.0
0,63700,ROSES,14769,68,,,,,14770,68,,,,,14769.5,0.0
0,63800,ROSES,14771,54,,,,,14772,54,,,,,14771.5,0.0
0,63900,ROSES,14774,76,,,,,14775,76,,,,,14774.5,0.0
0,64000,ROSES,14770,25,14769.0,44.0,,,14771,69,,,,,14770.5,0.0
0,64100,ROSES,14767,67,,,,,14768,19,14769.0,48.0,,,14767.5,0.0
0,64200,ROSES,14768,60,,,,,14769,60,,,,,14768.5,0.0
0,64300,ROSES,14766,72,,,,,14767,26,14768.0,46.0,,,14766.5,0.0
0,64400,ROSES,14762,59,,,,,14763,59,,,,,14762.5,0.0
0,64500,ROSES,14765,66,,,,,14766,66,,,,,14765.5,0.0
0,64600,ROSES,14766,54,,,,,14767,20,14768.0,34.0,,,14766.5,0.0
0,64700,ROSES,14767,52,,,,,14769,52,,,,,14768.0,0.0
0,64800,ROSES,14766,75,,,,,14767,28,14768.0,42.0,,,14766.5,0.0
0,64900,ROSES,14769,60,,,,,14770,29,14771.0,31.0,,,14769.5,0.0
0,65000,ROSES,14768,68,,,,,14770,68,,,,,14769.0,0.0
0,65100,ROSES,14771,77,,,,,14773,77,,,,,14772.0,0.0
0,65200,ROSES,14769,56,,,,,14770,56,,,,,14769.5,0.0
0,65300,ROSES,14766,59,,,,,14768,59,,,,,14767.0,0.0
0,65400,ROSES,14767,69,,,,,14768,63,,,,,14767.5,0.0
0,65500,ROSES,14765,51,,,,,14766,17,14767.0,34.0,,,14765.5,0.0
0,65600,ROSES,14767,77,,,,,14768,77,,,,,14767.5,0.0
0,65700,ROSES,14768,27,14767.0,35.0,,,14769,62,,,,,14768.5,0.0
0,65800,ROSES,14765,73,,,,,14766,25,14767.0,48.0,,,14765.5,0.0
0,65900,ROSES,14765,58,,,,,14766,17,14767.0,41.0,,,14765.5,0.0
0,66000,ROSES,14764,57,,,,,14766,57,,,,,14765.0,0.0
0,66100,ROSES,14767,66,,,,,14768,66,,,,,14767.5,0.0
0,66200,ROSES,14765,65,,,,,14766,65,,,,,14765.5,0.0
0,66300,ROSES,14764,60,,,,,14765,60,,,,,14764.5,0.0
0,66400,ROSES,14767,66,,,,,14768,26,14769.0,40.0,,,14767.5,0.0
0,66500,ROSES,14773,67,,,,,14775,67,,,,,14774.0,0.0
0,66600,ROSES,14779,60,,,,,14780,60,,,,,14779.5,0.0
0,66700,ROSES,14779,54,,,,,14780,21,14781.0,33.0,,,14779.5,0.0
0,66800,ROSES,14780,18,14779.0,39.0,,,14781,57,,,,,14780.5,0.0
0,66900,ROSES,14784,59,,,,,14785,59,,,,,14784.5,0.0
0,67000,ROSES,14784,26,14783.0,32.0,,,14785,58,,,,,14784.5,0.0
0,67100,ROSES,14781,56,,,,,14782,56,,,,,14781.5,0.0
0,67200,ROSES,14781,58,,,,,14782,22,14783.0,36.0,,,14781.5,0.0
0,67300,ROSES,14782,56,,,,,14784,56,,,,,14783.0,0.0
0,67400,ROSES,14780,53,,,,,14781,22,14782.0,31.0,,,14780.5,0.0
0,67500,ROSES,14775,65,,,,,14777,65,,,,,14776.0,0.0
0,67600,ROSES,14771,71,,,,,14773,71,,,,,14772.0,0.0
0,67700,ROSES,14773,74,,,,,14775,74,,,,,14774.0,0.0
0,67800,ROSES,14771,73,,,,,14772,28,14773.0,45.0,,,14771.5,0.0
0,67900,ROSES,14771,55,,,,,14772,55,,,,,14771.5,0.0
0,68000,ROSES,14771,60,,,,,14773,60,,,,,14772.0,0.0
0,68100,ROSES,14773,54,,,,,14774,24,14775.0,30.0,,,14773.5,0.0
0,68200,ROSES,14772,59,,,,,14773,22,14774.0,37.0,,,14772.5,0.0
0,68300,ROSES,14774,15,14773.0,43.0,,,14775,58,,,,,14774.5,0.0
0,68400,ROSES,14771,65,,,,,14772,23,14773.0,42.0,,,14771.5,0.0
0,68500,ROSES,14770,61,,,,,14771,22,14772.0,39.0,,,14770.5,0.0
0,68600,ROSES,14767,56,,,,,14768,22,14769.0,34.0,,,14767.5,0.0
0,68700,ROSES,14770,65,,,,,14772,65,,,,,14771.0,0.0
0,68800,ROSES,14770,55,,,,,14771,22,14772.0,33.0,,,14770.5,0.0
0,68900,ROSES,14768,61,,,,,14769,19,14770.0,42.0,,,14768.5,0.0
0,69000,ROSES,14767,56,,,,,14768,26,14769.0,30.0,,,14767.5,0.0
0,69100,ROSES,14766,60,,,,,14768,60,,,,,14767.0,0.0
0,69200,ROSES,14768,72,,,,,14770,72,,,,,14769.0,0.0
0,69300,ROSES,14764,55,,,,,14765,55,,,,,14764.5,0.0
0,69400,ROSES,14761,46,,,,,14762,16,14763.0,30.0,,,14761.5,0.0
0,69500,ROSES,14760,62,,,,,14761,16,14762.0,46.0,,,14760.5,0.0
0,69600,ROSES,14767,65,,,,,14768,18,14769.0,47.0,,,14767.5,0.0
0,69700,ROSES,14770,29,14769.0,32.0,,,14771,61,,,,,14770.5,0.0
0,69800,ROSES,14769,65,,,,,14771,65,,,,,14770.0,0.0
0,69900,ROSES,14771,49,,,,,14773,49,,,,,14772.0,0.0
0,70000,ROSES,14777,65,,,,,14778,22,14779.0,43.0,,,14777.5,0.0
0,70100,ROSES,14776,49,,,,,14778,49,,,,,14777.0,0.0
0,70200,ROSES,14775,63,,,,,14777,63,,,,,14776.0,0.0
0,70300,ROSES,14779,62,,,,,14780,62,,,,,14779.5,0.0
0,70400,ROSES,14780,74,,,,,14781,29,14782.0,45.0,,,14780.5,0.0
0,70500,ROSES,14782,74,,,,,14783,29,14784.0,45.0,,,14782.5,0.0
0,70600,ROSES,14781,30,14780.0,36.0,,,14782,66,,,,,14781.5,0.0
0,70700,ROSES,14786,71,,,,,14787,71,,,,,14786.5,0.0
0,70800,ROSES,14791,27,14790.0,40.0,,,14792,67,,,,,14791.5,0.0
0,70900,ROSES,14792,58,,,,,14794,58,,,,,14793.0,0.0
0,71000,ROSES,14794,53,,,,,14795,17,14796.0,36.0,,,14794.5,0.0
0,71100,ROSES,14789,26,14788.0,32.0,,,14790,58,,,,,14789.5,0.0
0,71200,ROSES,14790,63,,,,,14792,63,,,,,14791.0,0.0
0,71300,ROSES,14790,47,,,,,14791,47,,,,,14790.5,0.0
0,71400,ROSES,14791,63,,,,,14792,63,,,,,14791.5,0.0
0,71500,ROSES,14793,65,,,,,14794,65,,,,,14793.5,0.0
0,71600,ROSES,14792,62,,,,,14793,62,,,,,14792.5,0.0
0,71700,ROSES,14787,58,,,,,14788,24,14789.0,34.0,,,14787.5,0.0
0,71800,ROSES,14788,62,,,,,14789,30,14790.0,32.0,,,14788.5,0.0
0,71900,ROSES,14786,53,,,,,14787,19,14788.0,34.0,,,14786.5,0.0
0,72000,ROSES,14785,65,,,,,14786,29,14787.0,36.0,,,14785.5,0.0
0,72100,ROSES,14783,57,,,,,14785,57,,,,,14784.0,0.0
0,72200,ROSES,14782,75,,,,,14784,75,,,,,14783.0,0.0
0,72300,ROSES,14776,66,,,,,14777,28,14778.0,38.0,,,14776.5,0.0
0,72400,ROSES,14779,78,,,,,14781,78,,,,,14780.0,0.0
0,72500,ROSES,14780,73,,,,,14781,30,14782.0,43.0,,,14780.5,0.0
0,72600,ROSES,14783,69,,,,,14784,23,14785.0,46.0,,,14783.5,0.0
0,72700,ROSES,14789,26,14788.0,33.0,,,14790,59,,,,,14789.5,0.0
0,72800,ROSES,14789,58,,,,,14790,58,,,,,14789.5,0.0
0,72900,ROSES,14784,26,14783.0,44.0,,,14785,70,,,,,14784.5,0.0
0,73000,ROSES,14781,63,,,,,14782,25,14783.0,38.0,,,14781.5,0.0
0,73100,ROSES,14778,75,,,,,14779,75,,,,,14778.5,0.0
0,73200,ROSES,14776,61,,,,,14778,61,,,,,14777.0,0.0
0,73300,ROSES,14777,19,14776.0,41.0,,,14778,60,,,,,14777.5,0.0
0,73400,ROSES,14771,72,,,,,14772,28,14773.0,44.0,,,14771.5,0.0
0,73500,ROSES,14772,69,,,,,14773,69,,,,,14772.5,0.0
0,73600,ROSES,14768,22,14767.0,47.0,,,14769,69,,,,,14768.5,0.0
0,73700,ROSES,14769,30,14768.0,32.0,,,14770,62,,,,,14769.5,0.0
0,73800,ROSES,14768,75,,,,,14770,75,,,,,14769.0,0.0
0,73900,ROSES,14767,53,,,,,14769,53,,,,,14768.0,0.0
0,74000,ROSES,14767,67,,,,,14768,23,14769.0,44.0,,,14767.5,0.0
0,74100,ROSES,14766,24,14765.0,41.0,,,14767,65,,,,,14766.5,0.0
0,74200,ROSES,14764,64,,,,,14765,59,,,,,14764.5,0.0
0,74300,ROSES,14759,51,,,,,14760,21,14761.0,30.0,,,14759.5,0.0
0,74400,ROSES,14759,73,,,,,14760,23,14761.0,50.0,,,14759.5,0.0
0,74500,ROSES,14764,75,,,,,14766,75,,,,,14765.0,0.0
0,74600,ROSES,14770,49,,,,,14771,49,,,,,14770.5,0.0
0,74700,ROSES,14773,66,,,,,14775,66,,,,,14774.0,0.0
0,74800,ROSES,14775,62,,,,,14777,62,,,,,14776.0,0.0
0,74900,ROSES,14773,49,,,,,14775,49,,,,,14774.0,0.0
0,75000,ROSES,14777,65,,,,,14779,65,,,,,14778.0,0.0
0,75100,ROSES,14777,53,,,,,14779,53,,,,,14778.0,0.0
0,75200,ROSES,14777,72,,,,,14778,25,14779.0,47.0,,,14777.5,0.0
0,75300,ROSES,14776,56,,,,,14778,56,,,,,14777.0,0.0
0,75400,ROSES,14777,19,14776.0,38.0,,,14778,57,,,,,14777.5,0.0
0,75500,ROSES,14775,50,,,,,14777,50,,,,,14776.0,0.0
0,75600,ROSES,14775,56,,,,,14776,16,14777.0,40.0,,,14775.5,0.0
0,75700,ROSES,14772,58,,,,,14773,27,14774.0,31.0,,,14772.5,0.0
0,75800,ROSES,14771,68,,,,,14772,68,,,,,14771.5,0.0
0,75900,ROSES,14777,64,,,,,14779,64,,,,,14778.0,0.0
0,76000,ROSES,14777,54,,,,,14778,24,14779.0,30.0,,,14777.5,0.0
0,76100,ROSES,14776,57,,,,,14778,57,,,,,14777.0,0.0
0,76200,ROSES,14778,48,,,,,14779,48,,,,,14778.5,0.0
0,76300,ROSES,14780,52,,,,,14781,52,,,,,14780.5,0.0
0,76400,ROSES,14777,57,,,,,14778,57,,,,,14777.5,0.0
0,76500,ROSES,14776,55,,,,,14777,17,14778.0,38.0,,,14776.5,0.0
0,76600,ROSES,14779,59,,,,,14780,59,,,,,14779.5,0.0
0,76700,ROSES,14779,59,,,,,14781,59,,,,,14780.0,0.0
0,76800,ROSES,14780,70,,,,,14781,70,,,,,14780.5,0.0
0,76900,ROSES,14784,51,,,,,14785,17,14786.0,34.0,,,14784.5,0.0
0,77000,ROSES,14782,54,,,,,14784,54,,,,,14783.0,0.0
0,77100,ROSES,14782,47,,,,,14784,47,,,,,14783.0,0.0
0,77200,ROSES,14781,63,,,,,14782,22,14783.0,41.0,,,14781.5,0.0
0,77300,ROSES,14785,64,,,,,14786,22,14787.0,42.0,,,14785.5,0.0
0,77400,ROSES,14780,19,14779.0,35.0,,,14781,54,,,,,14780.5,0.0
0,77500,ROSES,14778,60,,,,,14779,60,,,,,14778.5,0.0
0,77600,ROSES,14776,60,,,,,14778,60,,,,,14777.0,0.0
0,77700,ROSES,14778,57,,,,,14779,19,14780.0,38.0,,,14778.5,0.0
0,77800,ROSES,14780,84,,,,,14781,76,,,,,14780.5,0.0
0,77900,ROSES,14784,19,14783.0,33.0,,,14785,52,,,,,14784.5,0.0
0,78000,ROSES,14779,59,,,,,14781,59,,,,,14780.0,0.0
0,78100,ROSES,14781,65,,,,,14783,65,,,,,14782.0,0.0
0,78200,ROSES,14781,27,14780.0,31.0,,,14782,58,,,,,14781.5,0.0
0,78300,ROSES,14779,27,14778.0,38.0,,,14780,65,,,,,14779.5,0.0
0,78400,ROSES,14780,51,,,,,14781,18,14782.0,33.0,,,14780.5,0.0
0,78500,ROSES,14778,18,14777.0,31.0,,,14779,49,,,,,14778.5,0.0
0,78600,ROSES,14772,64,,,,,14773,64,,,,,14772.5,0.0
0,78700,ROSES,14771,63,,,,,14772,63,,,,,14771.5,0.0
0,78800,ROSES,14767,27,14766.0,46.0,,,14768,73,,,,,14767.5,0.0
0,78900,ROSES,14765,53,,,,,14766,53,,,,,14765.5,0.0
0,79000,ROSES,14766,60,,,,,14767,60,,,,,14766.5,0.0
0,79100,ROSES,14767,26,14766.0,47.0,,,14768,73,,,,,14767.5,0.0
0,79200,ROSES,14771,56,,,,,14772,22,14773.0,34.0,,,14771.5,0.0
0,79300,ROSES,14770,53,,,,,14772,53,,,,,14771.0,0.0
0,79400,ROSES,14766,57,,,,,14767,23,14768.0,34.0,,,14766.5,0.0
0,79500,ROSES,14764,55,,,,,14765,25,14766.0,30.0,,,14764.5,0.0
0,79600,ROSES,14761,67,,,,,14763,67,,,,,14762.0,0.0
0,79700,ROSES,14758,54,,,,,14759,21,14760.0,33.0,,,14758.5,0.0
0,79800,ROSES,14759,59,,,,,14761,59,,,,,14760.0,0.0
0,79900,ROSES,14757,64,,,,,14759,64,,,,,14758.0,0.0
0,80000,ROSES,14752,50,,,,,14753,61,,,,,14752.5,0.0
0,80100,ROSES,14754,56,,,,,14755,56,,,,,14754.5,0.0
0,80200,ROSES,14754,29,14753.0,32.0,,,14755,61,,,,,14754.5,0.0
0,80300,ROSES,14755,26,14754.0,35.0,,,14756,61,,,,,14755.5,0.0
0,80400,ROSES,14755,53,,,,,14756,53,,,,,14755.5,0.0
0,80500,ROSES,14757,19,14756.0,30.0,,,14758,49,,,,,14757.5,0.0
0,80600,ROSES,14757,24,14756.0,43.0,,,14758,59,,,,,14757.5,0.0
0,80700,ROSES,14760,64,,,,,14761,19,14762.0,45.0,,,14760.5,0.0
0,80800,ROSES,14761,55,,,,,14763,55,,,,,14762.0,0.0
0,80900,ROSES,14762,51,,,,,14764,51,,,,,14763.0,0.0
0,81000,ROSES,14764,18,14763.0,49.0,,,14765,67,,,,,14764.5,0.0
0,81100,ROSES,14759,73,,,,,14761,73,,,,,14760.0,0.0
0,81200,ROSES,14759,62,,,,,14760,62,,,,,14759.5,0.0
0,81300,ROSES,14758,63,,,,,14760,63,,,,,14759.0,0.0
0,81400,ROSES,14759,51,,,,,14760,51,,,,,14759.5,0.0
0,81500,ROSES,14755,71,,,,,14756,22,14757.0,49.0,,,14755.5,0.0
0,81600,ROSES,14760,18,14759.0,48.0,,,14761,66,,,,,14760.5,0.0
0,81700,ROSES,14760,70,,,,,14761,70,,,,,14760.5,0.0
0,81800,ROSES,14756,73,,,,,14758,73,,,,,14757.0,0.0
0,81900,ROSES,14752,15,14751.0,48.0,,,14753,63,,,,,14752.5,0.0
0,82000,ROSES,14751,69,,,,,14752,69,,,,,14751.5,0.0
0,82100,ROSES,14751,16,14750.0,39.0,,,14752,55,,,,,14751.5,0.0
0,82200,ROSES,14749,18,14748.0,31.0,,,14750,49,,,,,14749.5,0.0
0,82300,ROSES,14749,53,,,,,14750,53,,,,,14749.5,0.0
0,82400,ROSES,14747,73,,,,,14748,28,14749.0,45.0,,,14747.5,0.0
0,82500,ROSES,14749,17,14748.0,48.0,,,14750,65,,,,,14749.5,0.0
0,82600,ROSES,14747,25,14746.0,42.0,,,14748,67,,,,,14747.5,0.0
0,82700,ROSES,14746,60,,,,,14748,60,,,,,14747.0,0.0
0,82800,ROSES,14749,63,,,,,14750,28,14751.0,35.0,,,14749.5,0.0
0,82900,ROSES,14756,69,,,,,14758,69,,,,,14757.0,0.0
0,83000,ROSES,14753,65,,,,,14755,65,,,,,14754.0,0.0
0,83100,ROSES,14752,66,,,,,14753,23,14754.0,43.0,,,14752.5,0.0
0,83200,ROSES,14750,54,,,,,14751,54,,,,,14750.5,0.0
0,83300,ROSES,14752,62,,,,,14753,62,,,,,14752.5,0.0
0,83400,ROSES,14749,53,,,,,14750,53,,,,,14749.5,0.0
0,83500,ROSES,14747,57,,,,,14749,57,,,,,14748.0,0.0
0,83600,ROSES,14747,72,,,,,14749,72,,,,,14748.0,0.0
0,83700,ROSES,14745,23,14744.0,45.0,,,14746,68,,,,,14745.5,0.0
0,83800,ROSES,14742,66,,,,,14743,66,,,,,14742.5,0.0
0,83900,ROSES,14741,22,14740.0,45.0,,,14742,67,,,,,14741.5,0.0
0,84000,ROSES,14735,27,14734.0,49.0,,,14736,76,,,,,14735.5,0.0
0,84100,ROSES,14731,24,14730.0,49.0,,,14732,73,,,,,14731.5,0.0
0,84200,ROSES,14729,67,,,,,14731,67,,,,,14730.0,0.0
0,84300,ROSES,14730,61,,,,,14731,61,,,,,14730.5,0.0
0,84400,ROSES,14729,74,,,,,14731,74,,,,,14730.0,0.0
0,84500,ROSES,14724,64,,,,,14726,64,,,,,14725.0,0.0
0,84600,ROSES,14723,57,,,,,14724,20,14725.0,37.0,,,14723.5,0.0
0,84700,ROSES,14725,63,,,,,14727,63,,,,,14726.0,0.0
0,84800,ROSES,14727,48,,,,,14728,48,,,,,14727.5,0.0
0,84900,ROSES,14727,28,14726.0,31.0,,,14728,59,,,,,14727.5,0.0
0,85000,ROSES,14724,47,,,,,14725,15,14726.0,32.0,,,14724.5,0.0
0,85100,ROSES,14726,63,,,,,14727,63,,,,,14726.5,0.0
0,85200,ROSES,14724,63,,,,,14726,63,,,,,14725.0,0.0
0,85300,ROSES,14721,69,,,,,14722,23,14723.0,46.0,,,14721.5,0.0
0,85400,ROSES,14719,74,,,,,14720,74,,,,,14719.5,0.0
0,85500,ROSES,14723,73,,,,,14724,73,,,,,14723.5,0.0
0,85600,ROSES,14723,65,,,,,14725,65,,,,,14724.0,0.0
0,85700,ROSES,14727,15,14726.0,38.0,,,14728,53,,,,,14727.5,0.0
0,85800,ROSES,14725,78,,,,,14727,78,,,,,14726.0,0.0
0,85900,ROSES,14728,69,,,,,14729,69,,,,,14728.5,0.0
0,86000,ROSES,14726,67,,,,,14727,27,14728.0,40.0,,,14726.5,0.0
0,86100,ROSES,14726,70,,,,,14727,70,,,,,14726.5,0.0
0,86200,ROSES,14733,20,14732.0,31.0,,,14734,51,,,,,14733.5,0.0
0,86300,ROSES,14735,65,,,,,14736,65,,,,,14735.5,0.0
0,86400,ROSES,14733,55,,,,,14735,55,,,,,14734.0,0.0
0,86500,ROSES,14733,70,,,,,14734,25,14735.0,45.0,,,14733.5,0.0
0,86600,ROSES,14734,60,,,,,14735,18,14736.0,42.0,,,14734.5,0.0
0,86700,ROSES,14737,63,,,,,14739,63,,,,,14738.0,0.0
0,86800,ROSES,14736,49,,,,,14737,18,14738.0,31.0,,,14736.5,0.0
0,86900,ROSES,14731,65,,,,,14732,27,14733.0,38.0,,,14731.5,0.0
0,87000,ROSES,14730,55,,,,,14732,55,,,,,14731.0,0.0
0,87100,ROSES,14730,65,,,,,14732,65,,,,,14731.0,0.0
0,87200,ROSES,14731,19,14730.0,44.0,,,14732,63,,,,,14731.5,0.0
0,87300,ROSES,14734,64,,,,,14736,64,,,,,14735.0,0.0
0,87400,ROSES,14735,59,,,,,14736,29,14737.0,30.0,,,14735.5,0.0
0,87500,ROSES,14737,68,,,,,14739,68,,,,,14738.0,0.0
0,87600,ROSES,14734,54,,,,,14736,54,,,,,14735.0,0.0
0,87700,ROSES,14737,59,,,,,14738,59,,,,,14737.5,0.0
0,87800,ROSES,14743,15,14742.0,49.0,,,14744,64,,,,,14743.5,0.0
0,87900,ROSES,14745,59,,,,,14746,59,,,,,14745.5,0.0
0,88000,ROSES,14745,55,,,,,14747,55,,,,,14746.0,0.0
0,88100,ROSES,14746,68,,,,,14747,68,,,,,14746.5,0.0
0,88200,ROSES,14751,56,,,,,14752,56,,,,,14751.5,0.0
0,88300,ROSES,14748,68,,,,,14750,68,,,,,14749.0,0.0
0,88400,ROSES,14748,63,,,,,14749,63,,,,,14748.5,0.0
0,88500,ROSES,14749,64,,,,,14750,17,14751.0,47.0,,,14749.5,0.0
0,88600,ROSES,14751,66,,,,,14753,66,,,,,14752.0,0.0
0,88700,ROSES,14750,46,,,,,14751,15,14752.0,31.0,,,14750.5,0.0
0,88800,ROSES,14751,55,,,,,14752,55,,,,,14751.5,0.0
0,88900,ROSES,14750,71,,,,,14751,21,14752.0,50.0,,,14750.5,0.0
0,89000,ROSES,14750,73,,,,,14752,73,,,,,14751.0,0.0
0,89100,ROSES,14750,52,,,,,14751,16,14752.0,36.0,,,14750.5,0.0
0,89200,ROSES,14747,65,,,,,14748,65,,,,,14747.5,0.0
0,89300,ROSES,14747,53,,,,,14748,53,,,,,14747.5,0.0
0,89400,ROSES,14749,69,,,,,14750,30,14751.0,39.0,,,14749.5,0.0
0,89500,ROSES,14746,75,,,,,14748,75,,,,,14747.0,0.0
0,89600,ROSES,14746,61,,,,,14747,61,,,,,14746.5,0.0
0,89700,ROSES,14748,21,14747.0,45.0,,,14749,66,,,,,14748.5,0.0
0,89800,ROSES,14745,26,14744.0,36.0,,,14746,62,,,,,14745.5,0.0
0,89900,ROSES,14745,62,,,,,14746,21,14747.0,41.0,,,14745.5,0.0
0,90000,ROSES,14742,58,,,,,14743,26,14744.0,32.0,,,14742.5,0.0
0,90100,ROSES,14745,57,,,,,14747,57,,,,,14746.0,0.0
0,90200,ROSES,14752,52,,,,,14753,52,,,,,14752.5,0.0
0,90300,ROSES,14757,61,,,,,14759,61,,,,,14758.0,0.0
0,90400,ROSES,14757,72,,,,,14758,72,,,,,14757.5,0.0
0,90500,ROSES,14759,62,,,,,14760,62,,,,,14759.5,0.0
0,90600,ROSES,14759,55,,,,,14760,20,14761.0,35.0,,,14759.5,0.0
0,90700,ROSES,14759,69,,,,,14760,3,14761.0,69.0,,,14759.5,0.0
0,90800,ROSES,14764,57,,,,,14765,57,,,,,14764.5,0.0
0,90900,ROSES,14760,69,,,,,14761,26,14762.0,43.0,,,14760.5,0.0
0,91000,ROSES,14763,67,,,,,14764,25,14765.0,42.0,,,14763.5,0.0
0,91100,ROSES,14763,68,,,,,14764,68,,,,,14763.5,0.0
0,91200,ROSES,14767,65,,,,,14768,65,,,,,14767.5,0.0
0,91300,ROSES,14767,64,,,,,14769,64,,,,,14768.0,0.0
0,91400,ROSES,14765,65,,,,,14767,65,,,,,14766.0,0.0
0,91500,ROSES,14766,47,,,,,14767,15,14768.0,32.0,,,14766.5,0.0
0,91600,ROSES,14768,55,,,,,14769,24,14770.0,31.0,,,14768.5,0.0
0,91700,ROSES,14768,59,,,,,14770,59,,,,,14769.0,0.0
0,91800,ROSES,14770,23,14769.0,36.0,,,14771,59,,,,,14770.5,0.0
0,91900,ROSES,14768,68,,,,,14769,24,14770.0,44.0,,,14768.5,0.0
0,92000,ROSES,14762,78,,,,,14763,28,14764.0,50.0,,,14762.5,0.0
0,92100,ROSES,14765,27,14764.0,43.0,,,14766,70,,,,,14765.5,0.0
0,92200,ROSES,14767,29,14766.0,30.0,,,14768,59,,,,,14767.5,0.0
0,92300,ROSES,14767,64,,,,,14768,26,14769.0,38.0,,,14767.5,0.0
0,92400,ROSES,14767,49,,,,,14769,49,,,,,14768.0,0.0
0,92500,ROSES,14770,62,,,,,14771,24,14772.0,38.0,,,14770.5,0.0
0,92600,ROSES,14769,65,,,,,14770,65,,,,,14769.5,0.0
0,92700,ROSES,14767,68,,,,,14768,68,,,,,14767.5,0.0
0,92800,ROSES,14766,70,,,,,14768,70,,,,,14767.0,0.0
0,92900,ROSES,14770,28,14769.0,44.0,,,14771,72,,,,,14770.5,0.0
0,93000,ROSES,14766,22,14765.0,39.0,,,14767,61,,,,,14766.5,0.0
0,93100,ROSES,14769,64,,,,,14770,25,14771.0,39.0,,,14769.5,0.0
0,93200,ROSES,14767,77,,,,,14769,77,,,,,14768.0,0.0
0,93300,ROSES,14764,60,,,,,14765,16,14766.0,44.0,,,14764.5,0.0
0,93400,ROSES,14768,21,14767.0,38.0,,,14769,59,,,,,14768.5,0.0
0,93500,ROSES,14767,77,,,,,14769,77,,,,,14768.0,0.0
0,93600,ROSES,14764,69,,,,,14765,69,,,,,14764.5,0.0
0,93700,ROSES,14763,64,,,,,14764,64,,,,,14763.5,0.0
0,93800,ROSES,14765,56,,,,,14767,56,,,,,14766.0,0.0
0,93900,ROSES,14769,15,14768.0,46.0,,,14770,61,,,,,14769.5,0.0
0,94000,ROSES,14767,58,,,,,14769,58,,,,,14768.0,0.0
0,94100,ROSES,14769,21,14768.0,50.0,,,14770,71,,,,,14769.5,0.0
0,94200,ROSES,14771,27,14770.0,44.0,,,14772,71,,,,,14771.5,0.0
0,94300,ROSES,14769,21,14768.0,40.0,,,14770,61,,,,,14769.5,0.0
0,94400,ROSES,14770,22,14769.0,47.0,,,14771,69,,,,,14770.5,0.0
0,94500,ROSES,14770,25,14769.0,37.0,,,14771,62,,,,,14770.5,0.0
0,94600,ROSES,14768,62,,,,,14769,18,14770.0,44.0,,,14768.5,0.0
0,94700,ROSES,14767,23,14766.0,44.0,,,14768,67,,,,,14767.5,0.0
0,94800,ROSES,14767,70,,,,,14768,70,,,,,14767.5,0.0
0,94900,ROSES,14767,65,,,,,14768,65,,,,,14767.5,0.0
0,95000,ROSES,14765,55,,,,,14767,55,,,,,14766.0,0.0
0,95100,ROSES,14764,66,,,,,14765,29,14766.0,37.0,,,14764.5,0.0
0,95200,ROSES,14767,48,,,,,14769,48,,,,,14768.0,0.0
0,95300,ROSES,14768,64,,,,,14769,64,,,,,14768.5,0.0
0,95400,ROSES,14770,67,,,,,14772,67,,,,,14771.0,0.0
0,95500,ROSES,14774,28,14773.0,41.0,,,14775,69,,,,,14774.5,0.0
0,95600,ROSES,14775,72,,,,,14777,72,,,,,14776.0,0.0
0,95700,ROSES,14782,30,14781.0,34.0,,,14783,64,,,,,14782.5,0.0
0,95800,ROSES,14779,64,,,,,14781,64,,,,,14780.0,0.0
0,95900,ROSES,14782,29,14781.0,41.0,,,14783,70,,,,,14782.5,0.0
0,96000,ROSES,14781,28,14780.0,38.0,,,14782,66,,,,,14781.5,0.0
0,96100,ROSES,14786,62,,,,,14787,66,,,,,14786.5,0.0
0,96200,ROSES,14791,30,14790.0,35.0,,,14792,65,,,,,14791.5,0.0
0,96300,ROSES,14785,48,,,,,14786,15,14787.0,33.0,,,14785.5,0.0
0,96400,ROSES,14782,52,,,,,14784,52,,,,,14783.0,0.0
0,96500,ROSES,14784,58,,,,,14786,58,,,,,14785.0,0.0
0,96600,ROSES,14786,53,,,,,14788,53,,,,,14787.0,0.0
0,96700,ROSES,14788,58,,,,,14789,3,14790.0,58.0,,,14788.5,0.0
0,96800,ROSES,14788,63,,,,,14790,63,,,,,14789.0,0.0
0,96900,ROSES,14790,21,14789.0,42.0,,,14791,63,,,,,14790.5,0.0
0,97000,ROSES,14791,76,,,,,14793,76,,,,,14792.0,0.0
0,97100,ROSES,14791,61,,,,,14792,21,14793.0,40.0,,,14791.5,0.0
0,97200,ROSES,14794,67,,,,,14795,67,,,,,14794.5,0.0
0,97300,ROSES,14788,16,14787.0,47.0,,,14789,63,,,,,14788.5,0.0
0,97400,ROSES,14789,60,,,,,14791,60,,,,,14790.0,0.0
0,97500,ROSES,14786,67,,,,,14788,67,,,,,14787.0,0.0
0,97600,ROSES,14789,61,,,,,14790,26,14791.0,35.0,,,14789.5,0.0
0,97700,ROSES,14789,27,14788.0,31.0,,,14790,58,,,,,14789.5,0.0
0,97800,ROSES,14786,56,,,,,14787,19,14788.0,37.0,,,14786.5,0.0
0,97900,ROSES,14787,57,,,,,14788,22,14789.0,35.0,,,14787.5,0.0
0,98000,ROSES,14784,60,,,,,14786,60,,,,,14785.0,0.0
0,98100,ROSES,14782,55,,,,,14783,55,,,,,14782.5,0.0
0,98200,ROSES,14778,21,14777.0,43.0,,,14779,64,,,,,14778.5,0.0
0,98300,ROSES,14777,64,,,,,14779,64,,,,,14778.0,0.0
0,98400,ROSES,14779,68,,,,,14780,68,,,,,14779.5,0.0
0,98500,ROSES,14782,25,14781.0,49.0,,,14783,74,,,,,14782.5,0.0
0,98600,ROSES,14781,57,,,,,14783,57,,,,,14782.0,0.0
0,98700,ROSES,14784,65,,,,,14785,15,14786.0,50.0,,,14784.5,0.0
0,98800,ROSES,14784,75,,,,,14786,75,,,,,14785.0,0.0
0,98900,ROSES,14784,63,,,,,14785,63,,,,,14784.5,0.0
0,99000,ROSES,14786,37,14785.0,41.0,,,14787,70,,,,,14786.5,0.0
0,99100,ROSES,14788,53,,,,,14790,53,,,,,14789.0,0.0
0,99200,ROSES,14788,17,14787.0,40.0,,,14789,57,,,,,14788.5,0.0
0,99300,ROSES,14787,58,,,,,14788,58,,,,,14787.5,0.0
0,99400,ROSES,14786,73,,,,,14788,73,,,,,14787.0,0.0
0,99500,ROSES,14787,17,14786.0,34.0,,,14788,51,,,,,14787.5,0.0
0,99600,ROSES,14784,57,,,,,14785,21,14786.0,36.0,,,14784.5,0.0
0,99700,ROSES,14787,67,,,,,14788,67,,,,,14787.5,0.0
0,99800,ROSES,14786,59,,,,,14787,59,,,,,14786.5,0.0
0,99900,ROSES,14787,66,,,,,14788,24,14789.0,42.0,,,14787.5,0.0
0,100000,ROSES,14785,58,,,,,14786,58,,,,,14785.5,0.0
0,100100,ROSES,14786,57,,,,,14787,57,,,,,14786.5,0.0
0,100200,ROSES,14787,64,,,,,14788,64,,,,,14787.5,0.0
0,100300,ROSES,14786,16,14785.0,46.0,,,14787,62,,,,,14786.5,0.0
0,100400,ROSES,14791,61,,,,,14793,61,,,,,14792.0,0.0
0,100500,ROSES,14792,66,,,,,14794,66,,,,,14793.0,0.0
0,100600,ROSES,14797,55,,,,,14799,55,,,,,14798.0,0.0
0,100700,ROSES,14800,56,,,,,14801,56,,,,,14800.5,0.0
0,100800,ROSES,14798,45,,,,,14799,18,14800.0,35.0,,,14798.5,0.0
0,100900,ROSES,14797,71,,,,,14798,26,14799.0,45.0,,,14797.5,0.0
0,101000,ROSES,14798,68,,,,,14799,29,14800.0,39.0,,,14798.5,0.0
0,101100,ROSES,14798,65,,,,,14800,65,,,,,14799.0,0.0
0,101200,ROSES,14798,51,,,,,14800,51,,,,,14799.0,0.0
0,101300,ROSES,14798,27,14797.0,37.0,,,14799,64,,,,,14798.5,0.0
0,101400,ROSES,14793,29,14792.0,49.0,,,14794,78,,,,,14793.5,0.0
0,101500,ROSES,14792,65,,,,,14793,65,,,,,14792.5,0.0
0,101600,ROSES,14786,48,,,,,14787,48,,,,,14786.5,0.0
0,101700,ROSES,14787,59,,,,,14788,59,,,,,14787.5,0.0
0,101800,ROSES,14785,56,,,,,14786,56,,,,,14785.5,0.0
0,101900,ROSES,14783,63,,,,,14784,63,,,,,14783.5,0.0
0,102000,ROSES,14782,67,,,,,14783,30,14784.0,37.0,,,14782.5,0.0
0,102100,ROSES,14783,49,,,,,14784,49,,,,,14783.5,0.0
0,102200,ROSES,14779,50,,,,,14780,50,,,,,14779.5,0.0
0,102300,ROSES,14774,59,,,,,14775,59,,,,,14774.5,0.0
0,102400,ROSES,14771,57,,,,,14772,57,,,,,14771.5,0.0
0,102500,ROSES,14765,71,,,,,14767,71,,,,,14766.0,0.0
0,102600,ROSES,14763,19,14762.0,49.0,,,14764,68,,,,,14763.5,0.0
0,102700,ROSES,14767,51,,,,,14768,51,,,,,14767.5,0.0
0,102800,ROSES,14764,68,,,,,14765,24,14766.0,44.0,,,14764.5,0.0
0,102900,ROSES,14766,70,,,,,14767,70,,,,,14766.5,0.0
0,103000,ROSES,14762,70,,,,,14763,21,14764.0,49.0,,,14762.5,0.0
0,103100,ROSES,14763,53,,,,,14764,53,,,,,14763.5,0.0
0,103200,ROSES,14762,60,,,,,14763,60,,,,,14762.5,0.0
0,103300,ROSES,14762,60,,,,,14763,60,,,,,14762.5,0.0
0,103400,ROSES,14763,64,,,,,14765,64,,,,,14764.0,0.0
0,103500,ROSES,14768,57,,,,,14769,23,14770.0,34.0,,,14768.5,0.0
0,103600,ROSES,14769,62,,,,,14770,62,,,,,14769.5,0.0
0,103700,ROSES,14769,78,,,,,14770,28,14771.0,50.0,,,14769.5,0.0
0,103800,ROSES,14766,68,,,,,14768,68,,,,,14767.0,0.0
0,103900,ROSES,14768,70,,,,,14769,70,,,,,14768.5,0.0
0,104000,ROSES,14767,67,,,,,14769,67,,,,,14768.0,0.0
0,104100,ROSES,14770,16,14769.0,44.0,,,14771,60,,,,,14770.5,0.0
0,104200,ROSES,14769,61,,,,,14771,61,,,,,14770.0,0.0
0,104300,ROSES,14774,62,,,,,14776,62,,,,,14775.0,0.0
0,104400,ROSES,14769,62,,,,,14770,62,,,,,14769.5,0.0
0,104500,ROSES,14768,70,,,,,14769,70,,,,,14768.5,0.0
0,104600,ROSES,14770,57,,,,,14772,57,,,,,14771.0,0.0
0,104700,ROSES,14769,52,,,,,14771,52,,,,,14770.0,0.0
0,104800,ROSES,14767,68,,,,,14768,26,14769.0,42.0,,,14767.5,0.0
0,104900,ROSES,14766,61,,,,,14768,61,,,,,14767.0,0.0
0,105000,ROSES,14763,19,14762.0,39.0,,,14764,58,,,,,14763.5,0.0
0,105100,ROSES,14763,54,,,,,14764,54,,,,,14763.5,0.0
0,105200,ROSES,14770,25,14769.0,38.0,,,14771,63,,,,,14770.5,0.0
0,105300,ROSES,14773,53,,,,,14774,53,,,,,14773.5,0.0
0,105400,ROSES,14770,28,14769.0,45.0,,,14771,73,,,,,14770.5,0.0
0,105500,ROSES,14767,80,,,,,14769,80,,,,,14768.0,0.0
0,105600,ROSES,14766,49,,,,,14767,15,14768.0,34.0,,,14766.5,0.0
0,105700,ROSES,14769,74,,,,,14770,74,,,,,14769.5,0.0
0,105800,ROSES,14767,16,14766.0,45.0,,,14768,61,,,,,14767.5,0.0
0,105900,ROSES,14765,20,14764.0,35.0,,,14766,55,,,,,14765.5,0.0
0,106000,ROSES,14767,63,,,,,14768,22,14769.0,41.0,,,14767.5,0.0
0,106100,ROSES,14770,18,14769.0,36.0,,,14771,54,,,,,14770.5,0.0
0,106200,ROSES,14768,66,,,,,14770,66,,,,,14769.0,0.0
0,106300,ROSES,14765,57,,,,,14767,57,,,,,14766.0,0.0
0,106400,ROSES,14761,62,,,,,14762,15,14763.0,47.0,,,14761.5,0.0
0,106500,ROSES,14759,64,,,,,14760,28,14761.0,36.0,,,14759.5,0.0
0,106600,ROSES,14753,51,,,,,14754,51,,,,,14753.5,0.0
0,106700,ROSES,14755,67,,,,,14756,67,,,,,14755.5,0.0
0,106800,ROSES,14753,60,,,,,14754,30,14755.0,30.0,,,14753.5,0.0
0,106900,ROSES,14754,76,,,,,14756,76,,,,,14755.0,0.0
0,107000,ROSES,14760,22,14759.0,41.0,,,14761,63,,,,,14760.5,0.0
0,107100,ROSES,14763,51,,,,,14764,51,,,,,14763.5,0.0
0,107200,ROSES,14760,20,14759.0,39.0,,,14761,59,,,,,14760.5,0.0
0,107300,ROSES,14762,62,,,,,14763,20,14764.0,42.0,,,14762.5,0.0
0,107400,ROSES,14765,58,,,,,14767,58,,,,,14766.0,0.0
0,107500,ROSES,14763,74,,,,,14765,74,,,,,14764.0,0.0
0,107600,ROSES,14761,36,14760.0,30.0,,,14762,59,,,,,14761.5,0.0
0,107700,ROSES,14760,60,,,,,14762,60,,,,,14761.0,0.0
0,107800,ROSES,14756,63,,,,,14757,63,,,,,14756.5,0.0
0,107900,ROSES,14760,58,,,,,14761,58,,,,,14760.5,0.0
0,108000,ROSES,14753,69,,,,,14754,28,14755.0,41.0,,,14753.5,0.0
0,108100,ROSES,14750,70,,,,,14751,24,14752.0,42.0,,,14750.5,0.0
0,108200,ROSES,14749,66,,,,,14751,66,,,,,14750.0,0.0
0,108300,ROSES,14749,29,14748.0,45.0,,,14750,74,,,,,14749.5,0.0
0,108400,ROSES,14749,54,,,,,14750,20,14751.0,34.0,,,14749.5,0.0
0,108500,ROSES,14750,61,,,,,14751,61,,,,,14750.5,0.0
0,108600,ROSES,14749,62,,,,,14751,62,,,,,14750.0,0.0
0,108700,ROSES,14752,53,,,,,14754,53,,,,,14753.0,0.0
0,108800,ROSES,14746,61,,,,,14748,61,,,,,14747.0,0.0
0,108900,ROSES,14746,65,,,,,14748,65,,,,,14747.0,0.0
0,109000,ROSES,14744,67,,,,,14746,67,,,,,14745.0,0.0
0,109100,ROSES,14745,66,,,,,14746,66,,,,,14745.5,0.0
0,109200,ROSES,14745,55,,,,,14747,55,,,,,14746.0,0.0
0,109300,ROSES,14743,48,,,,,14744,48,,,,,14743.5,0.0
0,109400,ROSES,14741,63,,,,,14742,29,14743.0,34.0,,,14741.5,0.0
0,109500,ROSES,14743,61,,,,,14745,61,,,,,14744.0,0.0
0,109600,ROSES,14744,50,,,,,14745,17,14746.0,33.0,,,14744.5,0.0
0,109700,ROSES,14742,58,,,,,14744,58,,,,,14743.0,0.0
0,109800,ROSES,14748,65,,,,,14749,65,,,,,14748.5,0.0
0,109900,ROSES,14754,76,,,,,14756,76,,,,,14755.0,0.0
0,110000,ROSES,14750,61,,,,,14752,61,,,,,14751.0,0.0
0,110100,ROSES,14751,73,,,,,14752,28,14753.0,45.0,,,14751.5,0.0
0,110200,ROSES,14758,54,,,,,14759,19,14760.0,35.0,,,14758.5,0.0
0,110300,ROSES,14760,61,,,,,14762,61,,,,,14761.0,0.0
0,110400,ROSES,14761,76,,,,,14762,76,,,,,14761.5,0.0
0,110500,ROSES,14760,61,,,,,14762,61,,,,,14761.0,0.0
0,110600,ROSES,14759,72,,,,,14760,72,,,,,14759.5,0.0
0,110700,ROSES,14758,70,,,,,14759,23,14760.0,47.0,,,14758.5,0.0
0,110800,ROSES,14757,18,14756.0,34.0,,,14758,52,,,,,14757.5,0.0
0,110900,ROSES,14759,22,14758.0,32.0,,,14760,54,,,,,14759.5,0.0
0,111000,ROSES,14758,29,14757.0,37.0,,,14759,66,,,,,14758.5,0.0
0,111100,ROSES,14756,55,,,,,14758,55,,,,,14757.0,0.0
0,111200,ROSES,14753,64,,,,,14754,64,,,,,14753.5,0.0
0,111300,ROSES,14753,71,,,,,14754,71,,,,,14753.5,0.0
0,111400,ROSES,14750,71,,,,,14752,71,,,,,14751.0,0.0
0,111500,ROSES,14750,68,,,,,14751,68,,,,,14750.5,0.0
0,111600,ROSES,14753,23,14752.0,45.0,,,14754,68,,,,,14753.5,0.0
0,111700,ROSES,14754,28,14753.0,36.0,,,14755,64,,,,,14754.5,0.0
0,111800,ROSES,14755,72,,,,,14756,23,14757.0,49.0,,,14755.5,0.0
0,111900,ROSES,14756,60,,,,,14757,15,14758.0,45.0,,,14756.5,0.0
0,112000,ROSES,14756,63,,,,,14758,63,,,,,14757.0,0.0
0,112100,ROSES,14756,78,,,,,14757,78,,,,,14756.5,0.0
0,112200,ROSES,14755,64,,,,,14756,21,14757.0,43.0,,,14755.5,0.0
0,112300,ROSES,14757,58,,,,,14758,19,14759.0,39.0,,,14757.5,0.0
0,112400,ROSES,14754,65,,,,,14755,17,14756.0,48.0,,,14754.5,0.0
0,112500,ROSES,14758,49,,,,,14759,49,,,,,14758.5,0.0
0,112600,ROSES,14758,54,,,,,14759,54,,,,,14758.5,0.0
0,112700,ROSES,14756,70,,,,,14757,70,,,,,14756.5,0.0
0,112800,ROSES,14755,10,14754.0,54.0,,,14756,54,,,,,14755.5,0.0
0,112900,ROSES,14753,23,14752.0,33.0,,,14754,56,,,,,14753.5,0.0
0,113000,ROSES,14753,56,,,,,14754,56,,,,,14753.5,0.0
0,113100,ROSES,14751,65,,,,,14752,65,,,,,14751.5,0.0
0,113200,ROSES,14754,53,,,,,14755,23,14756.0,30.0,,,14754.5,0.0
0,113300,ROSES,14752,65,,,,,14753,65,,,,,14752.5,0.0
0,113400,ROSES,14746,23,14745.0,37.0,,,14747,60,,,,,14746.5,0.0
0,113500,ROSES,14744,24,14743.0,47.0,,,14745,71,,,,,14744.5,0.0
0,113600,ROSES,14738,70,,,,,14739,70,,,,,14738.5,0.0
0,113700,ROSES,14738,61,,,,,14739,61,,,,,14738.5,0.0
0,113800,ROSES,14741,56,,,,,14742,56,,,,,14741.5,0.0
0,113900,ROSES,14743,16,14742.0,41.0,,,14744,57,,,,,14743.5,0.0
0,114000,ROSES,14739,63,,,,,14740,63,,,,,14739.5,0.0
0,114100,ROSES,14737,27,14736.0,45.0,,,14738,72,,,,,14737.5,0.0
0,114200,ROSES,14742,26,14741.0,48.0,,,14743,74,,,,,14742.5,0.0
0,114300,ROSES,14742,65,,,,,14744,65,,,,,14743.0,0.0
0,114400,ROSES,14742,57,,,,,14744,57,,,,,14743.0,0.0
0,114500,ROSES,14745,47,,,,,14747,47,,,,,14746.0,0.0
0,114600,ROSES,14752,65,,,,,14754,65,,,,,14753.0,0.0
0,114700,ROSES,14756,61,,,,,14757,61,,,,,14756.5,0.0
0,114800,ROSES,14756,62,,,,,14758,62,,,,,14757.0,0.0
0,114900,ROSES,14757,69,,,,,14758,26,14759.0,43.0,,,14757.5,0.0
0,115000,ROSES,14759,74,,,,,14760,74,,,,,14759.5,0.0
0,115100,ROSES,14757,55,,,,,14758,20,14759.0,35.0,,,14757.5,0.0
0,115200,ROSES,14754,72,,,,,14756,72,,,,,14755.0,0.0
0,115300,ROSES,14754,71,,,,,14756,71,,,,,14755.0,0.0
0,115400,ROSES,14752,29,14751.0,43.0,,,14753,72,,,,,14752.5,0.0
0,115500,ROSES,14752,19,14751.0,38.0,,,14753,57,,,,,14752.5,0.0
0,115600,ROSES,14752,65,,,,,14753,65,,,,,14752.5,0.0
0,115700,ROSES,14758,52,,,,,14760,52,,,,,14759.0,0.0
0,115800,ROSES,14756,62,,,,,14757,62,,,,,14756.5,0.0
0,115900,ROSES,14756,22,14755.0,30.0,,,14757,52,,,,,14756.5,0.0
0,116000,ROSES,14755,70,,,,,14756,22,14757.0,48.0,,,14755.5,0.0
0,116100,ROSES,14756,51,,,,,14758,51,,,,,14757.0,0.0
0,116200,ROSES,14759,49,,,,,14760,17,14761.0,32.0,,,14759.5,0.0
0,116300,ROSES,14758,62,,,,,14759,62,,,,,14758.5,0.0
0,116400,ROSES,14756,22,14755.0,45.0,,,14757,67,,,,,14756.5,0.0
0,116500,ROSES,14751,54,,,,,14752,54,,,,,14751.5,0.0
0,116600,ROSES,14748,55,,,,,14750,55,,,,,14749.0,0.0
0,116700,ROSES,14750,69,,,,,14751,69,,,,,14750.5,0.0
0,116800,ROSES,14750,70,,,,,14751,70,,,,,14750.5,0.0
0,116900,ROSES,14747,56,,,,,14748,22,14749.0,34.0,,,14747.5,0.0
0,117000,ROSES,14746,64,,,,,14747,29,14748.0,35.0,,,14746.5,0.0
0,117100,ROSES,14746,57,,,,,14747,16,14748.0,41.0,,,14746.5,0.0
0,117200,ROSES,14748,30,14747.0,35.0,,,14749,65,,,,,14748.5,0.0
0,117300,ROSES,14746,60,,,,,14747,60,,,,,14746.5,0.0
0,117400,ROSES,14745,58,,,,,14746,23,14747.0,35.0,,,14745.5,0.0
0,117500,ROSES,14740,64,,,,,14741,27,14742.0,37.0,,,14740.5,0.0
0,117600,ROSES,14737,64,,,,,14738,64,,,,,14737.5,0.0
0,117700,ROSES,14741,64,,,,,14743,64,,,,,14742.0,0.0
0,117800,ROSES,14735,75,,,,,14737,75,,,,,14736.0,0.0
0,117900,ROSES,14734,58,,,,,14736,58,,,,,14735.0,0.0
0,118000,ROSES,14735,72,,,,,14736,72,,,,,14735.5,0.0
0,118100,ROSES,14734,59,,,,,14735,59,,,,,14734.5,0.0
0,118200,ROSES,14732,15,14731.0,48.0,,,14733,63,,,,,14732.5,0.0
0,118300,ROSES,14731,65,,,,,14733,65,,,,,14732.0,0.0
0,118400,ROSES,14731,53,,,,,14733,53,,,,,14732.0,0.0
0,118500,ROSES,14731,53,,,,,14732,21,14733.0,32.0,,,14731.5,0.0
0,118600,ROSES,14726,76,,,,,14727,76,,,,,14726.5,0.0
0,118700,ROSES,14725,61,,,,,14727,61,,,,,14726.0,0.0
0,118800,ROSES,14723,69,,,,,14724,22,14725.0,47.0,,,14723.5,0.0
0,118900,ROSES,14722,26,14721.0,32.0,,,14723,58,,,,,14722.5,0.0
0,119000,ROSES,14722,64,,,,,14723,17,14724.0,47.0,,,14722.5,0.0
0,119100,ROSES,14724,67,,,,,14725,67,,,,,14724.5,0.0
0,119200,ROSES,14726,59,,,,,14728,59,,,,,14727.0,0.0
0,119300,ROSES,14725,54,,,,,14726,19,14727.0,35.0,,,14725.5,0.0
0,119400,ROSES,14728,30,14727.0,33.0,,,14729,63,,,,,14728.5,0.0
0,119500,ROSES,14731,58,,,,,14732,69,,,,,14731.5,0.0
0,119600,ROSES,14734,60,,,,,14735,18,14736.0,42.0,,,14734.5,0.0
0,119700,ROSES,14738,70,,,,,14739,70,,,,,14738.5,0.0
0,119800,ROSES,14737,60,,,,,14739,60,,,,,14738.0,0.0
0,119900,ROSES,14737,58,,,,,14738,58,,,,,14737.5,0.0
0,120000,ROSES,14739,73,,,,,14741,73,,,,,14740.0,0.0
0,120100,ROSES,14735,70,,,,,14737,70,,,,,14736.0,0.0
0,120200,ROSES,14736,66,,,,,14737,30,14738.0,36.0,,,14736.5,0.0
0,120300,ROSES,14735,20,14734.0,32.0,,,14736,47,,,,,14735.5,0.0
0,120400,ROSES,14733,70,,,,,14735,70,,,,,14734.0,0.0
0,120500,ROSES,14729,30,14728.0,34.0,,,14730,64,,,,,14729.5,0.0
0,120600,ROSES,14726,64,,,,,14727,30,14728.0,30.0,,,14726.5,0.0
0,120700,ROSES,14726,74,,,,,14727,30,14728.0,44.0,,,14726.5,0.0
0,120800,ROSES,14729,17,14728.0,39.0,,,14730,56,,,,,14729.5,0.0
0,120900,ROSES,14731,72,,,,,14733,72,,,,,14732.0,0.0
0,121000,ROSES,14731,67,,,,,14732,22,14733.0,39.0,,,14731.5,0.0
0,121100,ROSES,14730,74,,,,,14732,74,,,,,14731.0,0.0
0,121200,ROSES,14728,55,,,,,14729,21,14730.0,34.0,,,14728.5,0.0
0,121300,ROSES,14729,69,,,,,14731,69,,,,,14730.0,0.0
0,121400,ROSES,14729,15,14728.0,45.0,,,14730,60,,,,,14729.5,0.0
0,121500,ROSES,14730,62,,,,,14732,62,,,,,14731.0,0.0
0,121600,ROSES,14735,47,,,,,14736,15,14737.0,32.0,,,14735.5,0.0
0,121700,ROSES,14735,64,,,,,14736,16,14737.0,48.0,,,14735.5,0.0
0,121800,ROSES,14731,58,,,,,14732,58,,,,,14731.5,0.0
0,121900,ROSES,14728,57,,,,,14730,57,,,,,14729.0,0.0
0,122000,ROSES,14724,60,,,,,14726,60,,,,,14725.0,0.0
0,122100,ROSES,14721,63,,,,,14722,22,14723.0,41.0,,,14721.5,0.0
0,122200,ROSES,14725,24,14724.0,31.0,,,14726,55,,,,,14725.5,0.0
0,122300,ROSES,14725,55,,,,,14727,55,,,,,14726.0,0.0
0,122400,ROSES,14721,69,,,,,14722,25,14723.0,44.0,,,14721.5,0.0
0,122500,ROSES,14723,54,,,,,14724,54,,,,,14723.5,0.0
0,122600,ROSES,14726,71,,,,,14728,71,,,,,14727.0,0.0
0,122700,ROSES,14725,47,,,,,14727,47,,,,,14726.0,0.0
0,122800,ROSES,14723,67,,,,,14725,67,,,,,14724.0,0.0
0,122900,ROSES,14722,73,,,,,14724,73,,,,,14723.0,0.0
0,123000,ROSES,14723,59,,,,,14725,59,,,,,14724.0,0.0
0,123100,ROSES,14725,52,,,,,14726,19,14727.0,33.0,,,14725.5,0.0
0,123200,ROSES,14728,73,,,,,14730,73,,,,,14729.0,0.0
0,123300,ROSES,14732,23,14731.0,34.0,,,14733,57,,,,,14732.5,0.0
0,123400,ROSES,14735,49,,,,,14736,49,,,,,14735.5,0.0
0,123500,ROSES,14739,68,,,,,14740,68,,,,,14739.5,0.0
0,123600,ROSES,14741,22,14740.0,30.0,,,14742,52,,,,,14741.5,0.0
0,123700,ROSES,14736,68,,,,,14738,68,,,,,14737.0,0.0
0,123800,ROSES,14736,55,,,,,14737,55,,,,,14736.5,0.0
0,123900,ROSES,14737,68,,,,,14738,68,,,,,14737.5,0.0
0,124000,ROSES,14736,17,14735.0,41.0,,,14737,58,,,,,14736.5,0.0
0,124100,ROSES,14738,73,,,,,14740,73,,,,,14739.0,0.0
0,124200,ROSES,14737,58,,,,,14738,19,14739.0,39.0,,,14737.5,0.0
0,124300,ROSES,14735,21,14734.0,37.0,,,14736,58,,,,,14735.5,0.0
0,124400,ROSES,14739,27,14738.0,35.0,,,14740,62,,,,,14739.5,0.0
0,124500,ROSES,14740,57,,,,,14742,57,,,,,14741.0,0.0
0,124600,ROSES,14741,63,,,,,14742,19,14743.0,44.0,,,14741.5,0.0
0,124700,ROSES,14744,22,14743.0,44.0,,,14745,66,,,,,14744.5,0.0
0,124800,ROSES,14747,16,14746.0,47.0,,,14748,63,,,,,14747.5,0.0
0,124900,ROSES,14748,14,14747.0,32.0,,,14749,54,,,,,14748.5,0.0
0,125000,ROSES,14741,16,14740.0,49.0,,,14742,65,,,,,14741.5,0.0
0,125100,ROSES,14739,61,,,,,14740,61,,,,,14739.5,0.0
0,125200,ROSES,14737,68,,,,,14739,68,,,,,14738.0,0.0
0,125300,ROSES,14735,65,,,,,14736,65,,,,,14735.5,0.0
0,125400,ROSES,14735,59,,,,,14737,59,,,,,14736.0,0.0
0,125500,ROSES,14739,15,14738.0,34.0,,,14740,49,,,,,14739.5,0.0
0,125600,ROSES,14737,74,,,,,14739,74,,,,,14738.0,0.0
0,125700,ROSES,14734,62,,,,,14735,16,14736.0,46.0,,,14734.5,0.0
0,125800,ROSES,14740,26,14739.0,46.0,,,14741,72,,,,,14740.5,0.0
0,125900,ROSES,14738,66,,,,,14740,66,,,,,14739.0,0.0
0,126000,ROSES,14735,52,,,,,14736,52,,,,,14735.5,0.0
0,126100,ROSES,14736,29,14735.0,46.0,,,14737,75,,,,,14736.5,0.0
0,126200,ROSES,14737,66,,,,,14738,66,,,,,14737.5,0.0
0,126300,ROSES,14735,53,,,,,14736,53,,,,,14735.5,0.0
0,126400,ROSES,14737,62,,,,,14738,16,14739.0,46.0,,,14737.5,0.0
0,126500,ROSES,14736,25,14735.0,48.0,,,14737,73,,,,,14736.5,0.0
0,126600,ROSES,14733,70,,,,,14734,26,14735.0,44.0,,,14733.5,0.0
0,126700,ROSES,14734,25,14733.0,38.0,,,14735,63,,,,,14734.5,0.0
0,126800,ROSES,14736,19,14735.0,39.0,,,14737,58,,,,,14736.5,0.0
0,126900,ROSES,14734,51,,,,,14735,51,,,,,14734.5,0.0
0,127000,ROSES,14735,65,,,,,14736,65,,,,,14735.5,0.0
0,127100,ROSES,14735,25,14734.0,47.0,,,14736,72,,,,,14735.5,0.0
0,127200,ROSES,14742,67,,,,,14744,67,,,,,14743.0,0.0
0,127300,ROSES,14740,69,,,,,14742,69,,,,,14741.0,0.0
0,127400,ROSES,14744,59,,,,,14746,59,,,,,14745.0,0.0
0,127500,ROSES,14744,65,,,,,14745,24,14746.0,41.0,,,14744.5,0.0
0,127600,ROSES,14744,65,,,,,14745,65,,,,,14744.5,0.0
0,127700,ROSES,14746,52,,,,,14747,52,,,,,14746.5,0.0
0,127800,ROSES,14748,63,,,,,14750,63,,,,,14749.0,0.0
0,127900,ROSES,14752,60,,,,,14753,60,,,,,14752.5,0.0
0,128000,ROSES,14753,27,14752.0,38.0,,,14754,65,,,,,14753.5,0.0
0,128100,ROSES,14751,65,,,,,14752,65,,,,,14751.5,0.0
0,128200,ROSES,14749,60,,,,,14751,60,,,,,14750.0,0.0
0,128300,ROSES,14751,67,,,,,14752,67,,,,,14751.5,0.0
0,128400,ROSES,14752,68,,,,,14754,68,,,,,14753.0,0.0
0,128500,ROSES,14756,64,,,,,14758,64,,,,,14757.0,0.0
0,128600,ROSES,14758,28,14757.0,46.0,,,14759,74,,,,,14758.5,0.0
0,128700,ROSES,14760,69,,,,,14762,69,,,,,14761.0,0.0
0,128800,ROSES,14765,26,14764.0,41.0,,,14766,67,,,,,14765.5,0.0
0,128900,ROSES,14765,76,,,,,14766,29,14767.0,47.0,,,14765.5,0.0
0,129000,ROSES,14761,65,,,,,14762,26,14763.0,33.0,,,14761.5,0.0
0,129100,ROSES,14758,15,14757.0,30.0,,,14759,45,,,,,14758.5,0.0
0,129200,ROSES,14754,17,14753.0,46.0,,,14755,63,,,,,14754.5,0.0
0,129300,ROSES,14758,68,,,,,14759,30,14760.0,38.0,,,14758.5,0.0
0,129400,ROSES,14756,27,14755.0,41.0,,,14757,68,,,,,14756.5,0.0
0,129500,ROSES,14759,51,,,,,14760,21,14761.0,30.0,,,14759.5,0.0
0,129600,ROSES,14761,62,,,,,14762,62,,,,,14761.5,0.0
0,129700,ROSES,14766,18,14765.0,30.0,,,14767,48,,,,,14766.5,0.0
0,129800,ROSES,14768,54,,,,,14770,54,,,,,14769.0,0.0
0,129900,ROSES,14768,58,,,,,14769,20,14770.0,38.0,,,14768.5,0.0
0,130000,ROSES,14767,65,,,,,14769,65,,,,,14768.0,0.0
0,130100,ROSES,14768,29,14767.0,32.0,,,14769,61,,,,,14768.5,0.0
0,130200,ROSES,14768,71,,,,,14769,25,14770.0,46.0,,,14768.5,0.0
0,130300,ROSES,14767,16,14766.0,33.0,,,14768,49,,,,,14767.5,0.0
0,130400,ROSES,14767,17,14766.0,50.0,,,14768,67,,,,,14767.5,0.0
0,130500,ROSES,14771,55,,,,,14772,16,14773.0,39.0,,,14771.5,0.0
0,130600,ROSES,14766,50,,,,,14768,50,,,,,14767.0,0.0
0,130700,ROSES,14767,68,,,,,14768,27,14769.0,41.0,,,14767.5,0.0
0,130800,ROSES,14764,59,,,,,14766,59,,,,,14765.0,0.0
0,130900,ROSES,14765,46,,,,,14766,46,,,,,14765.5,0.0
0,131000,ROSES,14767,65,,,,,14769,65,,,,,14768.0,0.0
0,131100,ROSES,14767,65,,,,,14768,29,14769.0,36.0,,,14767.5,0.0
0,131200,ROSES,14769,69,,,,,14771,69,,,,,14770.0,0.0
0,131300,ROSES,14765,58,,,,,14766,58,,,,,14765.5,0.0
0,131400,ROSES,14768,67,,,,,14769,67,,,,,14768.5,0.0
0,131500,ROSES,14766,56,,,,,14768,56,,,,,14767.0,0.0
0,131600,ROSES,14768,62,,,,,14769,62,,,,,14768.5,0.0
0,131700,ROSES,14768,63,,,,,14770,63,,,,,14769.0,0.0
0,131800,ROSES,14761,64,,,,,14763,64,,,,,14762.0,0.0
0,131900,ROSES,14759,55,,,,,14760,23,14761.0,32.0,,,14759.5,0.0
0,132000,ROSES,14760,29,14759.0,33.0,,,14761,62,,,,,14760.5,0.0
0,132100,ROSES,14764,62,,,,,14765,30,14766.0,32.0,,,14764.5,0.0
0,132200,ROSES,14765,62,,,,,14766,62,,,,,14765.5,0.0
0,132300,ROSES,14766,17,14765.0,35.0,,,14767,52,,,,,14766.5,0.0
0,132400,ROSES,14762,15,14761.0,34.0,,,14763,49,,,,,14762.5,0.0
0,132500,ROSES,14766,24,14765.0,44.0,,,14767,68,,,,,14766.5,0.0
0,132600,ROSES,14771,17,14770.0,32.0,,,14772,49,,,,,14771.5,0.0
0,132700,ROSES,14771,29,14770.0,37.0,,,14772,66,,,,,14771.5,0.0
0,132800,ROSES,14770,73,,,,,14771,27,14772.0,46.0,,,14770.5,0.0
0,132900,ROSES,14765,64,,,,,14767,64,,,,,14766.0,0.0
0,133000,ROSES,14768,54,,,,,14769,54,,,,,14768.5,0.0
0,133100,ROSES,14775,78,,,,,14777,78,,,,,14776.0,0.0
0,133200,ROSES,14777,69,,,,,14779,69,,,,,14778.0,0.0
0,133300,ROSES,14781,69,,,,,14782,29,14783.0,40.0,,,14781.5,0.0
0,133400,ROSES,14782,63,,,,,14784,63,,,,,14783.0,0.0
0,133500,ROSES,14780,62,,,,,14781,62,,,,,14780.5,0.0
0,133600,ROSES,14784,10,14783.0,62.0,,,14785,62,,,,,14784.5,0.0
0,133700,ROSES,14780,67,,,,,14781,19,14782.0,48.0,,,14780.5,0.0
0,133800,ROSES,14779,60,,,,,14781,60,,,,,14780.0,0.0
0,133900,ROSES,14780,70,,,,,14781,23,14782.0,47.0,,,14780.5,0.0
0,134000,ROSES,14783,15,14782.0,31.0,,,14784,46,,,,,14783.5,0.0
0,134100,ROSES,14784,57,,,,,14785,57,,,,,14784.5,0.0
0,134200,ROSES,14785,55,,,,,14786,55,,,,,14785.5,0.0
0,134300,ROSES,14783,29,14782.0,44.0,,,14784,73,,,,,14783.5,0.0
0,134400,ROSES,14779,75,,,,,14780,29,14781.0,46.0,,,14779.5,0.0
0,134500,ROSES,14779,70,,,,,14781,70,,,,,14780.0,0.0
0,134600,ROSES,14777,62,,,,,14779,62,,,,,14778.0,0.0
0,134700,ROSES,14774,28,14773.0,47.0,,,14775,75,,,,,14774.5,0.0
0,134800,ROSES,14770,63,,,,,14771,21,14772.0,42.0,,,14770.5,0.0
0,134900,ROSES,14769,15,14768.0,34.0,,,14770,49,,,,,14769.5,0.0
0,135000,ROSES,14763,67,,,,,14765,67,,,,,14764.0,0.0
0,135100,ROSES,14760,23,14759.0,33.0,,,14761,56,,,,,14760.5,0.0
0,135200,ROSES,14755,60,,,,,14756,26,14757.0,34.0,,,14755.5,0.0
0,135300,ROSES,14756,28,14755.0,48.0,,,14757,76,,,,,14756.5,0.0
0,135400,ROSES,14757,52,,,,,14758,52,,,,,14757.5,0.0
0,135500,ROSES,14762,64,,,,,14764,64,,,,,14763.0,0.0
0,135600,ROSES,14758,64,,,,,14759,18,14760.0,46.0,,,14758.5,0.0
0,135700,ROSES,14756,69,,,,,14758,69,,,,,14757.0,0.0
0,135800,ROSES,14759,64,,,,,14760,64,,,,,14759.5,0.0
0,135900,ROSES,14758,65,,,,,14759,15,14760.0,50.0,,,14758.5,0.0
0,136000,ROSES,14757,48,,,,,14759,48,,,,,14758.0,0.0
0,136100,ROSES,14762,67,,,,,14763,21,14764.0,46.0,,,14762.5,0.0
0,136200,ROSES,14761,54,,,,,14762,24,14763.0,30.0,,,14761.5,0.0
0,136300,ROSES,14758,54,,,,,14759,54,,,,,14758.5,0.0
0,136400,ROSES,14754,51,,,,,14755,19,14756.0,32.0,,,14754.5,0.0
0,136500,ROSES,14755,71,,,,,14756,25,14757.0,46.0,,,14755.5,0.0
0,136600,ROSES,14756,52,,,,,14757,60,,,,,14756.5,0.0
0,136700,ROSES,14752,65,,,,,14753,25,14754.0,40.0,,,14752.5,0.0
0,136800,ROSES,14749,71,,,,,14751,71,,,,,14750.0,0.0
0,136900,ROSES,14751,70,,,,,14752,70,,,,,14751.5,0.0
0,137000,ROSES,14752,73,,,,,14754,73,,,,,14753.0,0.0
0,137100,ROSES,14751,20,14750.0,35.0,,,14752,55,,,,,14751.5,0.0
0,137200,ROSES,14752,66,,,,,14754,66,,,,,14753.0,0.0
0,137300,ROSES,14754,55,,,,,14755,55,,,,,14754.5,0.0
0,137400,ROSES,14749,53,,,,,14750,53,,,,,14749.5,0.0
0,137500,ROSES,14748,64,,,,,14749,26,14750.0,38.0,,,14748.5,0.0
0,137600,ROSES,14749,64,,,,,14750,21,14751.0,43.0,,,14749.5,0.0
0,137700,ROSES,14748,30,14747.0,39.0,,,14749,59,,,,,14748.5,0.0
0,137800,ROSES,14742,28,14741.0,35.0,,,14743,63,,,,,14742.5,0.0
0,137900,ROSES,14741,60,,,,,14742,60,,,,,14741.5,0.0
0,138000,ROSES,14743,70,,,,,14744,70,,,,,14743.5,0.0
0,138100,ROSES,14747,58,,,,,14749,58,,,,,14748.0,0.0
0,138200,ROSES,14741,59,,,,,14742,19,14743.0,40.0,,,14741.5,0.0
0,138300,ROSES,14748,63,,,,,14750,63,,,,,14749.0,0.0
0,138400,ROSES,14745,66,,,,,14747,66,,,,,14746.0,0.0
0,138500,ROSES,14748,65,,,,,14749,65,,,,,14748.5,0.0
0,138600,ROSES,14751,75,,,,,14753,75,,,,,14752.0,0.0
0,138700,ROSES,14754,64,,,,,14755,21,14756.0,43.0,,,14754.5,0.0
0,138800,ROSES,14754,51,,,,,14756,51,,,,,14755.0,0.0
0,138900,ROSES,14751,55,,,,,14753,55,,,,,14752.0,0.0
0,139000,ROSES,14753,52,,,,,14754,52,,,,,14753.5,0.0
0,139100,ROSES,14751,53,,,,,14752,53,,,,,14751.5,0.0
0,139200,ROSES,14744,62,,,,,14745,62,,,,,14744.5,0.0
0,139300,ROSES,14752,60,,,,,14753,60,,,,,14752.5,0.0
0,139400,ROSES,14754,60,,,,,14755,60,,,,,14754.5,0.0
0,139500,ROSES,14759,59,,,,,14760,59,,,,,14759.5,0.0
0,139600,ROSES,14756,59,,,,,14758,59,,,,,14757.0,0.0
0,139700,ROSES,14760,62,,,,,14762,62,,,,,14761.0,0.0
0,139800,ROSES,14765,63,,,,,14766,63,,,,,14765.5,0.0
0,139900,ROSES,14769,59,,,,,14770,27,14771.0,32.0,,,14769.5,0.0
0,140000,ROSES,14769,67,,,,,14770,20,14771.0,47.0,,,14769.5,0.0
0,140100,ROSES,14766,17,14765.0,38.0,,,14767,55,,,,,14766.5,0.0
0,140200,ROSES,14765,74,,,,,14766,27,14767.0,47.0,,,14765.5,0.0
0,140300,ROSES,14759,61,,,,,14760,25,14761.0,36.0,,,14759.5,0.0
0,140400,ROSES,14754,75,,,,,14756,65,,,,,14755.0,0.0
0,140500,ROSES,14754,71,,,,,14756,71,,,,,14755.0,0.0
0,140600,ROSES,14752,68,,,,,14753,68,,,,,14752.5,0.0
0,140700,ROSES,14751,72,,,,,14753,72,,,,,14752.0,0.0
0,140800,ROSES,14751,54,,,,,14752,54,,,,,14751.5,0.0
0,140900,ROSES,14756,71,,,,,14758,71,,,,,14757.0,0.0
0,141000,ROSES,14760,55,,,,,14761,59,,,,,14760.5,0.0
0,141100,ROSES,14760,61,,,,,14761,61,,,,,14760.5,0.0
0,141200,ROSES,14763,57,,,,,14764,22,14765.0,35.0,,,14763.5,0.0
0,141300,ROSES,14761,68,,,,,14762,68,,,,,14761.5,0.0
0,141400,ROSES,14760,65,,,,,14761,16,14762.0,49.0,,,14760.5,0.0
0,141500,ROSES,14763,21,14762.0,42.0,,,14764,63,,,,,14763.5,0.0
0,141600,ROSES,14759,61,,,,,14760,24,14761.0,37.0,,,14759.5,0.0
0,141700,ROSES,14758,68,,,,,14760,68,,,,,14759.0,0.0
0,141800,ROSES,14755,19,14754.0,40.0,,,14756,59,,,,,14755.5,0.0
0,141900,ROSES,14755,52,,,,,14756,52,,,,,14755.5,0.0
0,142000,ROSES,14759,66,,,,,14761,66,,,,,14760.0,0.0
0,142100,ROSES,14757,73,,,,,14759,73,,,,,14758.0,0.0
0,142200,ROSES,14758,60,,,,,14759,60,,,,,14758.5,0.0
0,142300,ROSES,14755,54,,,,,14757,54,,,,,14756.0,0.0
0,142400,ROSES,14752,57,,,,,14754,57,,,,,14753.0,0.0
0,142500,ROSES,14749,57,,,,,14750,57,,,,,14749.5,0.0
0,142600,ROSES,14753,79,,,,,14754,79,,,,,14753.5,0.0
0,142700,ROSES,14759,72,,,,,14761,72,,,,,14760.0,0.0
0,142800,ROSES,14761,24,14760.0,34.0,,,14762,58,,,,,14761.5,0.0
0,142900,ROSES,14759,19,14758.0,37.0,,,14760,56,,,,,14759.5,0.0
0,143000,ROSES,14761,28,14760.0,36.0,,,14762,64,,,,,14761.5,0.0
0,143100,ROSES,14760,18,14759.0,30.0,,,14761,48,,,,,14760.5,0.0
0,143200,ROSES,14762,66,,,,,14763,66,,,,,14762.5,0.0
0,143300,ROSES,14763,64,,,,,14764,64,,,,,14763.5,0.0
0,143400,ROSES,14764,29,14763.0,45.0,,,14765,74,,,,,14764.5,0.0
0,143500,ROSES,14765,65,,,,,14766,16,14767.0,49.0,,,14765.5,0.0
0,143600,ROSES,14764,26,14763.0,36.0,,,14765,53,,,,,14764.5,0.0
0,143700,ROSES,14762,65,,,,,14764,65,,,,,14763.0,0.0
0,143800,ROSES,14758,24,14757.0,32.0,,,14759,56,,,,,14758.5,0.0
0,143900,ROSES,14756,56,,,,,14758,56,,,,,14757.0,0.0
0,144000,ROSES,14752,71,,,,,14754,71,,,,,14753.0,0.0
0,144100,ROSES,14752,62,,,,,14753,62,,,,,14752.5,0.0
0,144200,ROSES,14749,62,,,,,14751,62,,,,,14750.0,0.0
0,144300,ROSES,14750,22,14749.0,38.0,,,14751,60,,,,,14750.5,0.0
0,144400,ROSES,14751,59,,,,,14752,59,,,,,14751.5,0.0
0,144500,ROSES,14747,70,,,,,14748,70,,,,,14747.5,0.0
0,144600,ROSES,14745,18,14744.0,32.0,,,14746,50,,,,,14745.5,0.0
0,144700,ROSES,14742,57,,,,,14743,57,,,,,14742.5,0.0
0,144800,ROSES,14744,75,,,,,14745,25,14746.0,50.0,,,14744.5,0.0
0,144900,ROSES,14749,80,,,,,14750,80,,,,,14749.5,0.0
0,145000,ROSES,14751,55,,,,,14752,17,14753.0,38.0,,,14751.5,0.0
0,145100,ROSES,14750,62,,,,,14751,28,14752.0,34.0,,,14750.5,0.0
0,145200,ROSES,14754,57,,,,,14755,21,14756.0,36.0,,,14754.5,0.0
0,145300,ROSES,14750,63,,,,,14751,63,,,,,14750.5,0.0
0,145400,ROSES,14754,48,,,,,14755,16,14756.0,32.0,,,14754.5,0.0
0,145500,ROSES,14752,54,,,,,14754,54,,,,,14753.0,0.0
0,145600,ROSES,14745,19,14744.0,37.0,,,14746,56,,,,,14745.5,0.0
0,145700,ROSES,14752,59,,,,,14753,59,,,,,14752.5,0.0
0,145800,ROSES,14756,53,,,,,14758,53,,,,,14757.0,0.0
0,145900,ROSES,14753,58,,,,,14755,58,,,,,14754.0,0.0
0,146000,ROSES,14754,53,,,,,14755,53,,,,,14754.5,0.0
0,146100,ROSES,14753,64,,,,,14755,64,,,,,14754.0,0.0
0,146200,ROSES,14754,27,14753.0,33.0,,,14755,60,,,,,14754.5,0.0
0,146300,ROSES,14749,68,,,,,14751,68,,,,,14750.0,0.0
0,146400,ROSES,14747,54,,,,,14749,54,,,,,14748.0,0.0
0,146500,ROSES,14749,54,,,,,14750,54,,,,,14749.5,0.0
0,146600,ROSES,14749,71,,,,,14751,71,,,,,14750.0,0.0
0,146700,ROSES,14753,15,14752.0,30.0,,,14754,45,,,,,14753.5,0.0
0,146800,ROSES,14753,59,,,,,14754,59,,,,,14753.5,0.0
0,146900,ROSES,14759,53,,,,,14761,53,,,,,14760.0,0.0
0,147000,ROSES,14757,54,,,,,14759,54,,,,,14758.0,0.0
0,147100,ROSES,14758,73,,,,,14759,23,14760.0,50.0,,,14758.5,0.0
0,147200,ROSES,14753,68,,,,,14754,68,,,,,14753.5,0.0
0,147300,ROSES,14749,47,,,,,14751,47,,,,,14750.0,0.0
0,147400,ROSES,14753,71,,,,,14754,27,14755.0,44.0,,,14753.5,0.0
0,147500,ROSES,14750,65,,,,,14752,65,,,,,14751.0,0.0
0,147600,ROSES,14752,57,,,,,14753,57,,,,,14752.5,0.0
0,147700,ROSES,14752,30,14751.0,35.0,,,14753,65,,,,,14752.5,0.0
0,147800,ROSES,14749,64,,,,,14750,64,,,,,14749.5,0.0
0,147900,ROSES,14748,54,,,,,14749,54,,,,,14748.5,0.0
0,148000,ROSES,14746,51,,,,,14748,51,,,,,14747.0,0.0
0,148100,ROSES,14745,72,,,,,14746,72,,,,,14745.5,0.0
0,148200,ROSES,14747,69,,,,,14748,28,14749.0,41.0,,,14747.5,0.0
0,148300,ROSES,14749,56,,,,,14750,56,,,,,14749.5,0.0
0,148400,ROSES,14747,60,,,,,14749,60,,,,,14748.0,0.0
0,148500,ROSES,14745,30,14744.0,42.0,,,14746,72,,,,,14745.5,0.0
0,148600,ROSES,14745,62,,,,,14746,3,14747.0,62.0,,,14745.5,0.0
0,148700,ROSES,14745,68,,,,,14746,25,14747.0,43.0,,,14745.5,0.0
0,148800,ROSES,14748,47,,,,,14749,15,14750.0,32.0,,,14748.5,0.0
0,148900,ROSES,14755,59,,,,,14757,59,,,,,14756.0,0.0
0,149000,ROSES,14758,61,,,,,14759,61,,,,,14758.5,0.0
0,149100,ROSES,14758,23,14757.0,40.0,,,14759,63,,,,,14758.5,0.0
0,149200,ROSES,14757,75,,,,,14758,25,14759.0,50.0,,,14757.5,0.0
0,149300,ROSES,14755,67,,,,,14756,67,,,,,14755.5,0.0
0,149400,ROSES,14752,70,,,,,14754,70,,,,,14753.0,0.0
0,149500,ROSES,14749,74,,,,,14751,74,,,,,14750.0,0.0
0,149600,ROSES,14748,74,,,,,14750,65,,,,,14749.0,0.0
0,149700,ROSES,14747,47,,,,,14748,20,14749.0,38.0,,,14747.5,0.0
0,149800,ROSES,14749,54,,,,,14750,22,14751.0,32.0,,,14749.5,0.0
0,149900,ROSES,14748,64,,,,,14749,15,14750.0,49.0,,,14748.5,0.0
0,150000,ROSES,14747,79,,,,,14749,79,,,,,14748.0,0.0
0,150100,ROSES,14744,59,,,,,14745,17,14746.0,42.0,,,14744.5,0.0
0,150200,ROSES,14749,28,14748.0,38.0,,,14750,66,,,,,14749.5,0.0
0,150300,ROSES,14750,61,,,,,14751,28,14752.0,33.0,,,14750.5,0.0
0,150400,ROSES,14755,63,,,,,14756,19,14757.0,44.0,,,14755.5,0.0
0,150500,ROSES,14757,65,,,,,14759,65,,,,,14758.0,0.0
0,150600,ROSES,14761,58,,,,,14763,58,,,,,14762.0,0.0
0,150700,ROSES,14761,24,14760.0,44.0,,,14762,68,,,,,14761.5,0.0
0,150800,ROSES,14763,27,14762.0,50.0,,,14764,77,,,,,14763.5,0.0
0,150900,ROSES,14770,56,,,,,14771,20,14772.0,36.0,,,14770.5,0.0
0,151000,ROSES,14767,55,,,,,14768,55,,,,,14767.5,0.0
0,151100,ROSES,14770,68,,,,,14771,26,14772.0,42.0,,,14770.5,0.0
0,151200,ROSES,14775,52,,,,,14776,52,,,,,14775.5,0.0
0,151300,ROSES,14776,49,,,,,14777,49,,,,,14776.5,0.0
0,151400,ROSES,14778,80,,,,,14779,30,14780.0,50.0,,,14778.5,0.0
0,151500,ROSES,14782,22,14781.0,36.0,,,14783,58,,,,,14782.5,0.0
0,151600,ROSES,14780,65,,,,,14781,65,,,,,14780.5,0.0
0,151700,ROSES,14781,70,,,,,14782,70,,,,,14781.5,0.0
0,151800,ROSES,14778,73,,,,,14780,73,,,,,14779.0,0.0
0,151900,ROSES,14776,62,,,,,14778,62,,,,,14777.0,0.0
0,152000,ROSES,14775,17,14774.0,46.0,,,14776,63,,,,,14775.5,0.0
0,152100,ROSES,14774,78,,,,,14776,78,,,,,14775.0,0.0
0,152200,ROSES,14775,28,14774.0,39.0,,,14776,67,,,,,14775.5,0.0
0,152300,ROSES,14776,66,,,,,14777,66,,,,,14776.5,0.0
0,152400,ROSES,14772,59,,,,,14773,59,,,,,14772.5,0.0
0,152500,ROSES,14778,23,14777.0,38.0,,,14779,61,,,,,14778.5,0.0
0,152600,ROSES,14781,62,,,,,14782,62,,,,,14781.5,0.0
0,152700,ROSES,14783,58,,,,,14784,58,,,,,14783.5,0.0
0,152800,ROSES,14782,63,,,,,14783,63,,,,,14782.5,0.0
0,152900,ROSES,14782,16,14781.0,40.0,,,14783,56,,,,,14782.5,0.0
0,153000,ROSES,14783,69,,,,,14784,29,14785.0,40.0,,,14783.5,0.0
0,153100,ROSES,14784,55,,,,,14786,55,,,,,14785.0,0.0
0,153200,ROSES,14779,63,,,,,14781,63,,,,,14780.0,0.0
0,153300,ROSES,14782,15,14781.0,30.0,,,14783,45,,,,,14782.5,0.0
0,153400,ROSES,14790,66,,,,,14791,66,,,,,14790.5,0.0
0,153500,ROSES,14785,22,14784.0,43.0,,,14786,65,,,,,14785.5,0.0
0,153600,ROSES,14787,67,,,,,14789,67,,,,,14788.0,0.0
0,153700,ROSES,14789,18,14788.0,44.0,,,14790,62,,,,,14789.5,0.0
0,153800,ROSES,14788,68,,,,,14789,18,14790.0,50.0,,,14788.5,0.0
0,153900,ROSES,14792,75,,,,,14793,25,14794.0,50.0,,,14792.5,0.0
0,154000,ROSES,14789,23,14788.0,48.0,,,14790,71,,,,,14789.5,0.0
0,154100,ROSES,14789,48,,,,,14790,17,14791.0,31.0,,,14789.5,0.0
0,154200,ROSES,14793,67,,,,,14795,67,,,,,14794.0,0.0
0,154300,ROSES,14793,65,,,,,14794,65,,,,,14793.5,0.0
0,154400,ROSES,14792,15,14791.0,33.0,,,14793,48,,,,,14792.5,0.0
0,154500,ROSES,14792,57,,,,,14793,57,,,,,14792.5,0.0
0,154600,ROSES,14791,29,14790.0,39.0,,,14792,68,,,,,14791.5,0.0
0,154700,ROSES,14795,59,,,,,14796,26,14797.0,33.0,,,14795.5,0.0
0,154800,ROSES,14792,57,,,,,14794,57,,,,,14793.0,0.0
0,154900,ROSES,14795,66,,,,,14796,66,,,,,14795.5,0.0
0,155000,ROSES,14791,53,,,,,14793,53,,,,,14792.0,0.0
0,155100,ROSES,14793,59,,,,,14795,59,,,,,14794.0,0.0
0,155200,ROSES,14793,65,,,,,14794,65,,,,,14793.5,0.0
0,155300,ROSES,14785,62,,,,,14787,62,,,,,14786.0,0.0
0,155400,ROSES,14785,54,,,,,14787,54,,,,,14786.0,0.0
0,155500,ROSES,14782,57,,,,,14784,57,,,,,14783.0,0.0
0,155600,ROSES,14781,63,,,,,14782,19,14783.0,44.0,,,14781.5,0.0
0,155700,ROSES,14785,63,,,,,14787,63,,,,,14786.0,0.0
0,155800,ROSES,14782,62,,,,,14784,62,,,,,14783.0,0.0
0,155900,ROSES,14779,50,,,,,14781,50,,,,,14780.0,0.0
0,156000,ROSES,14783,71,,,,,14785,71,,,,,14784.0,0.0
0,156100,ROSES,14784,29,14783.0,46.0,,,14785,75,,,,,14784.5,0.0
0,156200,ROSES,14788,68,,,,,14789,23,14790.0,45.0,,,14788.5,0.0
0,156300,ROSES,14789,53,,,,,14790,18,14791.0,35.0,,,14789.5,0.0
0,156400,ROSES,14786,57,,,,,14788,57,,,,,14787.0,0.0
0,156500,ROSES,14786,57,,,,,14788,57,,,,,14787.0,0.0
0,156600,ROSES,14790,77,,,,,14791,77,,,,,14790.5,0.0
0,156700,ROSES,14792,48,,,,,14794,48,,,,,14793.0,0.0
0,156800,ROSES,14792,68,,,,,14794,68,,,,,14793.0,0.0
0,156900,ROSES,14793,23,14792.0,41.0,,,14794,64,,,,,14793.5,0.0
0,157000,ROSES,14792,47,,,,,14794,47,,,,,14793.0,0.0
0,157100,ROSES,14791,22,14790.0,32.0,,,14792,54,,,,,14791.5,0.0
0,157200,ROSES,14796,69,,,,,14797,30,14798.0,39.0,,,14796.5,0.0
0,157300,ROSES,14796,80,,,,,14797,30,14798.0,50.0,,,14796.5,0.0
0,157400,ROSES,14793,62,,,,,14794,62,,,,,14793.5,0.0
0,157500,ROSES,14791,60,,,,,14793,60,,,,,14792.0,0.0
0,157600,ROSES,14794,30,14793.0,49.0,,,14795,79,,,,,14794.5,0.0
0,157700,ROSES,14795,57,,,,,14797,57,,,,,14796.0,0.0
0,157800,ROSES,14795,53,,,,,14796,19,14797.0,34.0,,,14795.5,0.0
0,157900,ROSES,14793,65,,,,,14794,20,14795.0,45.0,,,14793.5,0.0
0,158000,ROSES,14793,51,,,,,14794,20,14795.0,31.0,,,14793.5,0.0
0,158100,ROSES,14788,55,,,,,14790,55,,,,,14789.0,0.0
0,158200,ROSES,14785,16,14784.0,34.0,,,14786,50,,,,,14785.5,0.0
0,158300,ROSES,14787,49,,,,,14788,49,,,,,14787.5,0.0
0,158400,ROSES,14785,62,,,,,14787,62,,,,,14786.0,0.0
0,158500,ROSES,14787,16,14786.0,50.0,,,14788,66,,,,,14787.5,0.0
0,158600,ROSES,14790,55,,,,,14791,24,14792.0,31.0,,,14790.5,0.0
0,158700,ROSES,14792,64,,,,,14793,64,,,,,14792.5,0.0
0,158800,ROSES,14792,72,,,,,14793,72,,,,,14792.5,0.0
0,158900,ROSES,14798,68,,,,,14799,26,14800.0,42.0,,,14798.5,0.0
0,159000,ROSES,14800,54,,,,,14801,54,,,,,14800.5,0.0
0,159100,ROSES,14799,57,,,,,14800,57,,,,,14799.5,0.0
0,159200,ROSES,14801,72,,,,,14802,72,,,,,14801.5,0.0
0,159300,ROSES,14802,52,,,,,14803,17,14804.0,35.0,,,14802.5,0.0
0,159400,ROSES,14800,27,14799.0,34.0,,,14801,61,,,,,14800.5,0.0
0,159500,ROSES,14800,64,,,,,14801,64,,,,,14800.5,0.0
0,159600,ROSES,14799,59,,,,,14801,59,,,,,14800.0,0.0
0,159700,ROSES,14794,18,14793.0,50.0,,,14795,68,,,,,14794.5,0.0
0,159800,ROSES,14793,68,,,,,14795,68,,,,,14794.0,0.0
0,159900,ROSES,14792,74,,,,,14794,74,,,,,14793.0,0.0
0,160000,ROSES,14791,63,,,,,14792,22,14793.0,41.0,,,14791.5,0.0
0,160100,ROSES,14786,57,,,,,14788,57,,,,,14787.0,0.0
0,160200,ROSES,14785,74,,,,,14787,74,,,,,14786.0,0.0
0,160300,ROSES,14785,59,,,,,14787,59,,,,,14786.0,0.0
0,160400,ROSES,14786,23,14785.0,37.0,,,14787,60,,,,,14786.5,0.0
0,160500,ROSES,14782,56,,,,,14784,56,,,,,14783.0,0.0
0,160600,ROSES,14784,62,,,,,14785,15,14786.0,47.0,,,14784.5,0.0
0,160700,ROSES,14781,29,14780.0,37.0,,,14782,66,,,,,14781.5,0.0
0,160800,ROSES,14780,55,,,,,14781,55,,,,,14780.5,0.0
0,160900,ROSES,14784,20,14783.0,33.0,,,14785,53,,,,,14784.5,0.0
0,161000,ROSES,14782,23,14781.0,48.0,,,14783,71,,,,,14782.5,0.0
0,161100,ROSES,14780,71,,,,,14781,26,14782.0,45.0,,,14780.5,0.0
0,161200,ROSES,14783,71,,,,,14785,71,,,,,14784.0,0.0
0,161300,ROSES,14782,76,,,,,14783,30,14784.0,46.0,,,14782.5,0.0
0,161400,ROSES,14781,72,,,,,14783,72,,,,,14782.0,0.0
0,161500,ROSES,14782,62,,,,,14783,62,,,,,14782.5,0.0
0,161600,ROSES,14785,54,,,,,14786,54,,,,,14785.5,0.0
0,161700,ROSES,14779,16,14778.0,38.0,,,14780,54,,,,,14779.5,0.0
0,161800,ROSES,14776,70,,,,,14777,27,14778.0,43.0,,,14776.5,0.0
0,161900,ROSES,14773,58,,,,,14775,58,,,,,14774.0,0.0
0,162000,ROSES,14770,55,,,,,14771,24,14772.0,31.0,,,14770.5,0.0
0,162100,ROSES,14768,17,14767.0,32.0,,,14769,49,,,,,14768.5,0.0
0,162200,ROSES,14765,60,,,,,14767,60,,,,,14766.0,0.0
0,162300,ROSES,14766,66,,,,,14767,23,14768.0,43.0,,,14766.5,0.0
0,162400,ROSES,14764,18,14763.0,41.0,,,14765,59,,,,,14764.5,0.0
0,162500,ROSES,14764,69,,,,,14765,69,,,,,14764.5,0.0
0,162600,ROSES,14765,59,,,,,14766,17,14767.0,42.0,,,14765.5,0.0
0,162700,ROSES,14763,68,,,,,14764,68,,,,,14763.5,0.0
0,162800,ROSES,14763,76,,,,,14765,76,,,,,14764.0,0.0
0,162900,ROSES,14768,63,,,,,14769,63,,,,,14768.5,0.0
0,163000,ROSES,14769,61,,,,,14770,61,,,,,14769.5,0.0
0,163100,ROSES,14767,63,,,,,14768,26,14769.0,37.0,,,14767.5,0.0
0,163200,ROSES,14767,64,,,,,14768,64,,,,,14767.5,0.0
0,163300,ROSES,14764,49,,,,,14765,16,14766.0,33.0,,,14764.5,0.0
0,163400,ROSES,14765,53,,,,,14766,53,,,,,14765.5,0.0
0,163500,ROSES,14767,77,,,,,14769,77,,,,,14768.0,0.0
0,163600,ROSES,14765,69,,,,,14766,27,14767.0,42.0,,,14765.5,0.0
0,163700,ROSES,14764,53,,,,,14766,53,,,,,14765.0,0.0
0,163800,ROSES,14768,23,14767.0,33.0,,,14769,56,,,,,14768.5,0.0
0,163900,ROSES,14766,62,,,,,14767,19,14768.0,43.0,,,14766.5,0.0
0,164000,ROSES,14767,22,14766.0,49.0,,,14768,71,,,,,14767.5,0.0
0,164100,ROSES,14764,56,,,,,14765,56,,,,,14764.5,0.0
0,164200,ROSES,14761,67,,,,,14763,67,,,,,14762.0,0.0
0,164300,ROSES,14760,59,,,,,14761,59,,,,,14760.5,0.0
0,164400,ROSES,14766,57,,,,,14767,15,14768.0,42.0,,,14766.5,0.0
0,164500,ROSES,14765,73,,,,,14766,73,,,,,14765.5,0.0
0,164600,ROSES,14763,65,,,,,14765,65,,,,,14764.0,0.0
0,164700,ROSES,14762,64,,,,,14763,64,,,,,14762.5,0.0
0,164800,ROSES,14761,58,,,,,14763,58,,,,,14762.0,0.0
0,164900,ROSES,14763,79,,,,,14764,29,14765.0,50.0,,,14763.5,0.0
0,165000,ROSES,14764,22,14763.0,45.0,,,14765,67,,,,,14764.5,0.0
0,165100,ROSES,14769,48,,,,,14771,48,,,,,14770.0,0.0
0,165200,ROSES,14770,63,,,,,14771,63,,,,,14770.5,0.0
0,165300,ROSES,14774,57,,,,,14775,27,14776.0,30.0,,,14774.5,0.0
0,165400,ROSES,14775,58,,,,,14776,58,,,,,14775.5,0.0
0,165500,ROSES,14776,69,,,,,14778,69,,,,,14777.0,0.0
0,165600,ROSES,14772,52,,,,,14774,52,,,,,14773.0,0.0
0,165700,ROSES,14772,57,,,,,14773,20,14774.0,37.0,,,14772.5,0.0
0,165800,ROSES,14772,51,,,,,14773,51,,,,,14772.5,0.0
0,165900,ROSES,14771,59,,,,,14772,20,14773.0,39.0,,,14771.5,0.0
0,166000,ROSES,14765,62,,,,,14766,24,14767.0,38.0,,,14765.5,0.0
0,166100,ROSES,14768,27,14767.0,32.0,,,14769,59,,,,,14768.5,0.0
0,166200,ROSES,14766,60,,,,,14768,60,,,,,14767.0,0.0
0,166300,ROSES,14765,70,,,,,14767,70,,,,,14766.0,0.0
0,166400,ROSES,14765,24,14764.0,40.0,,,14766,64,,,,,14765.5,0.0
0,166500,ROSES,14764,65,,,,,14765,65,,,,,14764.5,0.0
0,166600,ROSES,14765,61,,,,,14766,17,14767.0,44.0,,,14765.5,0.0
0,166700,ROSES,14761,74,,,,,14763,74,,,,,14762.0,0.0
0,166800,ROSES,14759,48,,,,,14760,48,,,,,14759.5,0.0
0,166900,ROSES,14760,15,14759.0,42.0,,,14761,57,,,,,14760.5,0.0
0,167000,ROSES,14760,64,,,,,14761,28,14762.0,36.0,,,14760.5,0.0
0,167100,ROSES,14759,56,,,,,14760,56,,,,,14759.5,0.0
0,167200,ROSES,14757,62,,,,,14759,62,,,,,14758.0,0.0
0,167300,ROSES,14755,68,,,,,14756,25,14757.0,43.0,,,14755.5,0.0
0,167400,ROSES,14755,65,,,,,14756,65,,,,,14755.5,0.0
0,167500,ROSES,14758,59,,,,,14759,28,14760.0,31.0,,,14758.5,0.0
0,167600,ROSES,14755,65,,,,,14756,24,14757.0,46.0,,,14755.5,0.0
0,167700,ROSES,14759,68,,,,,14761,68,,,,,14760.0,0.0
0,167800,ROSES,14762,61,,,,,14763,61,,,,,14762.5,0.0
0,167900,ROSES,14760,72,,,,,14762,72,,,,,14761.0,0.0
0,168000,ROSES,14763,21,14762.0,44.0,,,14764,65,,,,,14763.5,0.0
0,168100,ROSES,14759,17,14758.0,44.0,,,14760,61,,,,,14759.5,0.0
0,168200,ROSES,14754,16,14753.0,41.0,,,14755,57,,,,,14754.5,0.0
0,168300,ROSES,14750,56,,,,,14751,15,14752.0,41.0,,,14750.5,0.0
0,168400,ROSES,14749,53,,,,,14750,53,,,,,14749.5,0.0
0,168500,ROSES,14748,62,,,,,14749,16,14750.0,46.0,,,14748.5,0.0
0,168600,ROSES,14747,20,14746.0,41.0,,,14748,61,,,,,14747.5,0.0
0,168700,ROSES,14747,66,,,,,14748,66,,,,,14747.5,0.0
0,168800,ROSES,14741,57,,,,,14742,57,,,,,14741.5,0.0
0,168900,ROSES,14742,51,,,,,14744,51,,,,,14743.0,0.0
0,169000,ROSES,14738,50,,,,,14740,50,,,,,14739.0,0.0
0,169100,ROSES,14736,64,,,,,14738,64,,,,,14737.0,0.0
0,169200,ROSES,14735,74,,,,,14737,74,,,,,14736.0,0.0
0,169300,ROSES,14732,65,,,,,14733,19,14734.0,46.0,,,14732.5,0.0
0,169400,ROSES,14728,50,,,,,14730,50,,,,,14729.0,0.0
0,169500,ROSES,14725,74,,,,,14727,74,,,,,14726.0,0.0
0,169600,ROSES,14725,72,,,,,14727,72,,,,,14726.0,0.0
0,169700,ROSES,14727,64,,,,,14728,18,14729.0,46.0,,,14727.5,0.0
0,169800,ROSES,14729,30,14728.0,48.0,,,14730,78,,,,,14729.5,0.0
0,169900,ROSES,14726,68,,,,,14727,68,,,,,14726.5,0.0
0,170000,ROSES,14724,19,14723.0,34.0,,,14725,53,,,,,14724.5,0.0
0,170100,ROSES,14721,74,,,,,14722,25,14723.0,49.0,,,14721.5,0.0
0,170200,ROSES,14722,59,,,,,14724,59,,,,,14723.0,0.0
0,170300,ROSES,14717,23,14716.0,33.0,,,14718,56,,,,,14717.5,0.0
0,170400,ROSES,14720,65,,,,,14721,65,,,,,14720.5,0.0
0,170500,ROSES,14719,30,14718.0,50.0,,,14720,80,,,,,14719.5,0.0
0,170600,ROSES,14716,53,,,,,14718,53,,,,,14717.0,0.0
0,170700,ROSES,14717,59,,,,,14719,59,,,,,14718.0,0.0
0,170800,ROSES,14720,72,,,,,14722,72,,,,,14721.0,0.0
0,170900,ROSES,14721,58,,,,,14722,24,14723.0,34.0,,,14721.5,0.0
0,171000,ROSES,14724,67,,,,,14725,17,14726.0,50.0,,,14724.5,0.0
0,171100,ROSES,14724,57,,,,,14726,57,,,,,14725.0,0.0
0,171200,ROSES,14728,62,,,,,14729,62,,,,,14728.5,0.0
0,171300,ROSES,14731,65,,,,,14733,65,,,,,14732.0,0.0
0,171400,ROSES,14731,51,,,,,14732,19,14733.0,32.0,,,14731.5,0.0
0,171500,ROSES,14735,72,,,,,14736,27,14737.0,45.0,,,14735.5,0.0
0,171600,ROSES,14735,71,,,,,14737,71,,,,,14736.0,0.0
0,171700,ROSES,14736,24,14735.0,41.0,,,14737,65,,,,,14736.5,0.0
0,171800,ROSES,14733,64,,,,,14734,28,14735.0,36.0,,,14733.5,0.0
0,171900,ROSES,14732,61,,,,,14734,61,,,,,14733.0,0.0
0,172000,ROSES,14734,54,,,,,14736,54,,,,,14735.0,0.0
0,172100,ROSES,14731,65,,,,,14732,65,,,,,14731.5,0.0
0,172200,ROSES,14733,15,14732.0,36.0,,,14734,51,,,,,14733.5,0.0
0,172300,ROSES,14734,23,14733.0,47.0,,,14735,70,,,,,14734.5,0.0
0,172400,ROSES,14734,62,,,,,14736,62,,,,,14735.0,0.0
0,172500,ROSES,14728,70,,,,,14729,25,14730.0,45.0,,,14728.5,0.0
0,172600,ROSES,14728,61,,,,,14729,61,,,,,14728.5,0.0
0,172700,ROSES,14730,17,14729.0,46.0,,,14731,63,,,,,14730.5,0.0
0,172800,ROSES,14728,16,14727.0,30.0,,,14729,46,,,,,14728.5,0.0
0,172900,ROSES,14728,51,,,,,14729,51,,,,,14728.5,0.0
0,173000,ROSES,14721,71,,,,,14722,24,14723.0,47.0,,,14721.5,0.0
0,173100,ROSES,14723,60,,,,,14724,29,14725.0,31.0,,,14723.5,0.0
0,173200,ROSES,14721,55,,,,,14722,22,14723.0,33.0,,,14721.5,0.0
0,173300,ROSES,14724,26,14723.0,36.0,,,14725,62,,,,,14724.5,0.0
0,173400,ROSES,14718,68,,,,,14720,68,,,,,14719.0,0.0
0,173500,ROSES,14720,65,,,,,14722,65,,,,,14721.0,0.0
0,173600,ROSES,14720,21,14719.0,35.0,,,14721,56,,,,,14720.5,0.0
0,173700,ROSES,14722,59,,,,,14723,59,,,,,14722.5,0.0
0,173800,ROSES,14719,60,,,,,14721,60,,,,,14720.0,0.0
0,173900,ROSES,14718,17,14717.0,37.0,,,14719,54,,,,,14718.5,0.0
0,174000,ROSES,14724,55,,,,,14725,55,,,,,14724.5,0.0
