day,timestamp,product,bid_price_1,bid_volume_1,bid_price_2,bid_volume_2,bid_price_3,bid_volume_3,ask_price_1,ask_volume_1,ask_price_2,ask_volume_2,ask_price_3,ask_volume_3,mid_price,profit_and_loss
2,0,STRAWBERRIES,4036,255,,,,,4037,255,,,,,4036.5,0.0
2,100,STRAWBERRIES,4036,224,,,,,4037,54,4038.0,170.0,,,4036.5,0.0
2,200,STRAWBERRIES,4036,173,,,,,4038,173,,,,,4037.0,0.0
2,300,STRAWBERRIES,4036,246,,,,,4038,236,,,,,4037.0,0.0
2,400,STRAWBERRIES,4036,173,,,,,4038,173,,,,,4037.0,0.0
2,500,STRAWBERRIES,4037,88,4036.0,160.0,,,4038,248,,,,,4037.5,0.0
2,600,STRAWBERRIES,4037,187,,,,,4038,187,,,,,4037.5,0.0
2,700,STRAWBERRIES,4037,74,4036.0,143.0,,,4038,220,,,,,4037.5,0.0
2,800,STRAWBERRIES,4037,69,4036.0,145.0,,,4038,214,,,,,4037.5,0.0
2,900,STRAWBERRIES,4037,65,4036.0,109.0,,,4038,174,,,,,4037.5,0.0
2,1000,STRAWBERRIES,4036,265,,,,,4038,265,,,,,4037.0,0.0
2,1100,STRAWBERRIES,4036,270,,,,,4037,87,4038.0,183.0,,,4036.5,0.0
2,1200,STRAWBERRIES,4036,190,,,,,4037,80,4038.0,110.0,,,4036.5,0.0
2,1300,STRAWBERRIES,4035,228,,,,,4037,228,,,,,4036.0,0.0
2,1400,STRAWBERRIES,4035,208,,,,,4037,208,,,,,4036.0,0.0
2,1500,STRAWBERRIES,4035,231,,,,,4037,231,,,,,4036.0,0.0
2,1600,STRAWBERRIES,4036,89,4035.0,171.0,,,4037,260,,,,,4036.5,0.0
2,1700,STRAWBERRIES,4036,225,,,,,4037,86,4038.0,139.0,,,4036.5,0.0
2,1800,STRAWBERRIES,4036,251,,,,,4037,251,,,,,4036.5,0.0
2,1900,STRAWBERRIES,4036,173,,,,,4038,173,,,,,4037.0,0.0
2,2000,STRAWBERRIES,4036,219,,,,,4038,219,,,,,4037.0,0.0
2,2100,STRAWBERRIES,4036,178,,,,,4038,178,,,,,4037.0,0.0
2,2200,STRAWBERRIES,4037,202,,,,,4038,202,,,,,4037.5,0.0
2,2300,STRAWBERRIES,4037,199,,,,,4038,199,,,,,4037.5,0.0
2,2400,STRAWBERRIES,4036,160,,,,,4038,160,,,,,4037.0,0.0
2,2500,STRAWBERRIES,4036,283,,,,,4038,283,,,,,4037.0,0.0
2,2600,STRAWBERRIES,4037,250,,,,,4038,250,,,,,4037.5,0.0
2,2700,STRAWBERRIES,4037,190,,,,,4038,190,,,,,4037.5,0.0
2,2800,STRAWBERRIES,4037,235,,,,,4038,235,,,,,4037.5,0.0
2,2900,STRAWBERRIES,4036,222,,,,,4038,222,,,,,4037.0,0.0
2,3000,STRAWBERRIES,4036,213,,,,,4037,213,,,,,4036.5,0.0
2,3100,STRAWBERRIES,4036,248,,,,,4037,248,,,,,4036.5,0.0
2,3200,STRAWBERRIES,4036,203,,,,,4038,203,,,,,4037.0,0.0
2,3300,STRAWBERRIES,4036,218,,,,,4037,218,,,,,4036.5,0.0
2,3400,STRAWBERRIES,4036,166,,,,,4037,166,,,,,4036.5,0.0
2,3500,STRAWBERRIES,4036,87,4035.0,106.0,,,4037,193,,,,,4036.5,0.0
2,3600,STRAWBERRIES,4036,97,4035.0,160.0,,,4037,257,,,,,4036.5,0.0
2,3700,STRAWBERRIES,4035,198,,,,,4037,198,,,,,4036.0,0.0
2,3800,STRAWBERRIES,4036,198,,,,,4038,198,,,,,4037.0,0.0
2,3900,STRAWBERRIES,4037,88,4036.0,159.0,,,4038,247,,,,,4037.5,0.0
2,4000,STRAWBERRIES,4037,80,4036.0,162.0,,,4038,242,,,,,4037.5,0.0
2,4100,STRAWBERRIES,4036,244,,,,,4038,244,,,,,4037.0,0.0
2,4200,STRAWBERRIES,4037,197,,,,,4038,197,,,,,4037.5,0.0
2,4300,STRAWBERRIES,4036,195,,,,,4038,195,,,,,4037.0,0.0
2,4400,STRAWBERRIES,4036,249,,,,,4038,249,,,,,4037.0,0.0
2,4500,STRAWBERRIES,4036,265,,,,,4037,90,4038.0,175.0,,,4036.5,0.0
2,4600,STRAWBERRIES,4036,235,,,,,4037,10,4038.0,235.0,,,4036.5,0.0
2,4700,STRAWBERRIES,4036,195,,,,,4038,195,,,,,4037.0,0.0
2,4800,STRAWBERRIES,4037,80,4036.0,186.0,,,4038,266,,,,,4037.5,0.0
2,4900,STRAWBERRIES,4037,82,4036.0,121.0,,,4038,203,,,,,4037.5,0.0
2,5000,STRAWBERRIES,4037,65,4036.0,137.0,,,4038,202,,,,,4037.5,0.0
2,5100,STRAWBERRIES,4036,272,,,,,4038,272,,,,,4037.0,0.0
2,5200,STRAWBERRIES,4036,274,,,,,4037,274,,,,,4036.5,0.0
2,5300,STRAWBERRIES,4036,249,,,,,4038,249,,,,,4037.0,0.0
2,5400,STRAWBERRIES,4036,224,,,,,4037,89,4038.0,135.0,,,4036.5,0.0
2,5500,STRAWBERRIES,4036,201,,,,,4037,205,,,,,4036.5,0.0
2,5600,STRAWBERRIES,4036,248,,,,,4037,82,4038.0,166.0,,,4036.5,0.0
2,5700,STRAWBERRIES,4037,89,4036.0,154.0,,,4038,243,,,,,4037.5,0.0
2,5800,STRAWBERRIES,4036,239,,,,,4038,239,,,,,4037.0,0.0
2,5900,STRAWBERRIES,4036,244,,,,,4037,85,4038.0,159.0,,,4036.5,0.0
2,6000,STRAWBERRIES,4036,210,,,,,4037,210,,,,,4036.5,0.0
2,6100,STRAWBERRIES,4036,183,,,,,4037,70,4038.0,113.0,,,4036.5,0.0
2,6200,STRAWBERRIES,4036,80,4035.0,196.0,,,4037,279,,,,,4036.5,0.0
2,6300,STRAWBERRIES,4036,259,,,,,4037,259,,,,,4036.5,0.0
2,6400,STRAWBERRIES,4036,262,,,,,4038,262,,,,,4037.0,0.0
2,6500,STRAWBERRIES,4036,214,,,,,4038,214,,,,,4037.0,0.0
2,6600,STRAWBERRIES,4036,100,4035.0,106.0,,,4037,206,,,,,4036.5,0.0
2,6700,STRAWBERRIES,4036,206,,,,,4037,206,,,,,4036.5,0.0
2,6800,STRAWBERRIES,4036,230,,,,,4037,86,4038.0,144.0,,,4036.5,0.0
2,6900,STRAWBERRIES,4036,223,,,,,4037,75,4038.0,148.0,,,4036.5,0.0
2,7000,STRAWBERRIES,4036,73,4035.0,183.0,,,4037,256,,,,,4036.5,0.0
2,7100,STRAWBERRIES,4036,70,4035.0,144.0,,,4037,214,,,,,4036.5,0.0
2,7200,STRAWBERRIES,4036,10,4035.0,160.0,,,4037,160,,,,,4036.5,0.0
2,7300,STRAWBERRIES,4036,163,,,,,4037,163,,,,,4036.5,0.0
2,7400,STRAWBERRIES,4036,218,,,,,4037,74,4038.0,150.0,,,4036.5,0.0
2,7500,STRAWBERRIES,4035,188,,,,,4037,188,,,,,4036.0,0.0
2,7600,STRAWBERRIES,4035,248,,,,,4037,248,,,,,4036.0,0.0
2,7700,STRAWBERRIES,4035,199,,,,,4036,199,,,,,4035.5,0.0
2,7800,STRAWBERRIES,4034,192,,,,,4036,192,,,,,4035.0,0.0
2,7900,STRAWBERRIES,4034,291,,,,,4035,291,,,,,4034.5,0.0
2,8000,STRAWBERRIES,4033,196,,,,,4034,86,4035.0,110.0,,,4033.5,0.0
2,8100,STRAWBERRIES,4033,251,,,,,4035,251,,,,,4034.0,0.0
2,8200,STRAWBERRIES,4033,259,,,,,4034,259,,,,,4033.5,0.0
2,8300,STRAWBERRIES,4033,224,,,,,4034,54,4035.0,159.0,,,4033.5,0.0
2,8400,STRAWBERRIES,4034,225,,,,,4035,78,4036.0,147.0,,,4034.5,0.0
2,8500,STRAWBERRIES,4034,211,,,,,4035,87,4036.0,124.0,,,4034.5,0.0
2,8600,STRAWBERRIES,4035,76,4034.0,164.0,,,4036,240,,,,,4035.5,0.0
2,8700,STRAWBERRIES,4035,98,4034.0,138.0,,,4036,236,,,,,4035.5,0.0
2,8800,STRAWBERRIES,4035,75,4034.0,128.0,,,4036,203,,,,,4035.5,0.0
2,8900,STRAWBERRIES,4035,82,4034.0,103.0,,,4036,185,,,,,4035.5,0.0
2,9000,STRAWBERRIES,4035,269,,,,,4036,269,,,,,4035.5,0.0
2,9100,STRAWBERRIES,4035,249,,,,,4036,60,4037.0,189.0,,,4035.5,0.0
2,9200,STRAWBERRIES,4035,270,,,,,4036,270,,,,,4035.5,0.0
2,9300,STRAWBERRIES,4035,61,4034.0,178.0,,,4036,248,,,,,4035.5,0.0
2,9400,STRAWBERRIES,4035,282,,,,,4036,88,4037.0,194.0,,,4035.5,0.0
2,9500,STRAWBERRIES,4034,226,,,,,4035,89,4036.0,137.0,,,4034.5,0.0
2,9600,STRAWBERRIES,4034,205,,,,,4035,56,4036.0,149.0,,,4034.5,0.0
2,9700,STRAWBERRIES,4034,54,4033.0,129.0,,,4035,183,,,,,4034.5,0.0
2,9800,STRAWBERRIES,4033,225,,,,,4035,225,,,,,4034.0,0.0
2,9900,STRAWBERRIES,4033,254,,,,,4035,254,,,,,4034.0,0.0
2,10000,STRAWBERRIES,4033,289,,,,,4035,289,,,,,4034.0,0.0
2,10100,STRAWBERRIES,4034,70,4033.0,170.0,,,4035,240,,,,,4034.5,0.0
2,10200,STRAWBERRIES,4034,279,,,,,4035,82,4036.0,197.0,,,4034.5,0.0
2,10300,STRAWBERRIES,4034,200,,,,,4035,200,,,,,4034.5,0.0
2,10400,STRAWBERRIES,4033,185,,,,,4035,185,,,,,4034.0,0.0
2,10500,STRAWBERRIES,4033,258,,,,,4035,246,,,,,4034.0,0.0
2,10600,STRAWBERRIES,4033,153,,,,,4034,51,4035.0,102.0,,,4033.5,0.0
2,10700,STRAWBERRIES,4033,227,,,,,4034,227,,,,,4033.5,0.0
2,10800,STRAWBERRIES,4033,189,,,,,4035,189,,,,,4034.0,0.0
2,10900,STRAWBERRIES,4034,95,4033.0,122.0,,,4035,217,,,,,4034.5,0.0
2,11000,STRAWBERRIES,4033,178,,,,,4035,178,,,,,4034.0,0.0
2,11100,STRAWBERRIES,4033,243,,,,,4034,64,4035.0,179.0,,,4033.5,0.0
2,11200,STRAWBERRIES,4033,196,,,,,4035,196,,,,,4034.0,0.0
2,11300,STRAWBERRIES,4033,227,,,,,4034,74,4035.0,153.0,,,4033.5,0.0
2,11400,STRAWBERRIES,4033,281,,,,,4035,281,,,,,4034.0,0.0
2,11500,STRAWBERRIES,4033,209,,,,,4034,209,,,,,4033.5,0.0
2,11600,STRAWBERRIES,4033,73,4032.0,196.0,,,4034,269,,,,,4033.5,0.0
2,11700,STRAWBERRIES,4033,202,,,,,4035,202,,,,,4034.0,0.0
2,11800,STRAWBERRIES,4033,209,,,,,4035,209,,,,,4034.0,0.0
2,11900,STRAWBERRIES,4033,246,,,,,4034,246,,,,,4033.5,0.0
2,12000,STRAWBERRIES,4033,217,,,,,4034,217,,,,,4033.5,0.0
2,12100,STRAWBERRIES,4032,267,,,,,4034,267,,,,,4033.0,0.0
2,12200,STRAWBERRIES,4033,189,,,,,4034,189,,,,,4033.5,0.0
2,12300,STRAWBERRIES,4032,276,,,,,4034,276,,,,,4033.0,0.0
2,12400,STRAWBERRIES,4033,96,4032.0,121.0,,,4034,217,,,,,4033.5,0.0
2,12500,STRAWBERRIES,4033,97,4032.0,107.0,,,4034,204,,,,,4033.5,0.0
2,12600,STRAWBERRIES,4033,214,,,,,4035,214,,,,,4034.0,0.0
2,12700,STRAWBERRIES,4033,262,,,,,4034,262,,,,,4033.5,0.0
2,12800,STRAWBERRIES,4033,53,4032.0,128.0,,,4034,181,,,,,4033.5,0.0
2,12900,STRAWBERRIES,4033,225,,,,,4034,225,,,,,4033.5,0.0
2,13000,STRAWBERRIES,4033,45,4032.0,141.0,,,4034,194,,,,,4033.5,0.0
2,13100,STRAWBERRIES,4032,215,,,,,4034,215,,,,,4033.0,0.0
2,13200,STRAWBERRIES,4032,198,,,,,4033,68,4034.0,130.0,,,4032.5,0.0
2,13300,STRAWBERRIES,4032,61,4031.0,131.0,,,4033,192,,,,,4032.5,0.0
2,13400,STRAWBERRIES,4032,262,,,,,4033,262,,,,,4032.5,0.0
2,13500,STRAWBERRIES,4032,236,,,,,4033,236,,,,,4032.5,0.0
2,13600,STRAWBERRIES,4032,76,4031.0,193.0,,,4033,269,,,,,4032.5,0.0
2,13700,STRAWBERRIES,4032,246,,,,,4033,88,4034.0,158.0,,,4032.5,0.0
2,13800,STRAWBERRIES,4032,91,4031.0,141.0,,,4033,232,,,,,4032.5,0.0
2,13900,STRAWBERRIES,4032,254,,,,,4033,87,4034.0,167.0,,,4032.5,0.0
2,14000,STRAWBERRIES,4032,95,4031.0,196.0,,,4033,291,,,,,4032.5,0.0
2,14100,STRAWBERRIES,4032,86,4031.0,196.0,,,4033,282,,,,,4032.5,0.0
2,14200,STRAWBERRIES,4032,252,,,,,4033,88,4034.0,164.0,,,4032.5,0.0
2,14300,STRAWBERRIES,4032,173,,,,,4033,58,4034.0,115.0,,,4032.5,0.0
2,14400,STRAWBERRIES,4032,218,,,,,4034,218,,,,,4033.0,0.0
2,14500,STRAWBERRIES,4032,222,,,,,4033,87,4034.0,135.0,,,4032.5,0.0
2,14600,STRAWBERRIES,4032,217,,,,,4034,217,,,,,4033.0,0.0
2,14700,STRAWBERRIES,4033,72,4032.0,131.0,,,4034,203,,,,,4033.5,0.0
2,14800,STRAWBERRIES,4033,175,,,,,4034,59,4035.0,116.0,,,4033.5,0.0
2,14900,STRAWBERRIES,4033,219,,,,,4034,98,4035.0,121.0,,,4033.5,0.0
2,15000,STRAWBERRIES,4033,274,,,,,4034,100,4035.0,174.0,,,4033.5,0.0
2,15100,STRAWBERRIES,4033,226,,,,,4035,226,,,,,4034.0,0.0
2,15200,STRAWBERRIES,4034,264,,,,,4035,99,4036.0,165.0,,,4034.5,0.0
2,15300,STRAWBERRIES,4034,88,4033.0,190.0,,,4035,278,,,,,4034.5,0.0
2,15400,STRAWBERRIES,4034,243,,,,,4036,243,,,,,4035.0,0.0
2,15500,STRAWBERRIES,4034,194,,,,,4036,194,,,,,4035.0,0.0
2,15600,STRAWBERRIES,4034,57,4033.0,161.0,,,4035,218,,,,,4034.5,0.0
2,15700,STRAWBERRIES,4034,293,,,,,4035,95,4036.0,198.0,,,4034.5,0.0
2,15800,STRAWBERRIES,4034,249,,,,,4035,249,,,,,4034.5,0.0
2,15900,STRAWBERRIES,4033,219,,,,,4034,94,4035.0,125.0,,,4033.5,0.0
2,16000,STRAWBERRIES,4033,245,,,,,4035,245,,,,,4034.0,0.0
2,16100,STRAWBERRIES,4033,52,4032.0,132.0,,,4034,184,,,,,4033.5,0.0
2,16200,STRAWBERRIES,4033,190,,,,,4034,85,4035.0,105.0,,,4033.5,0.0
2,16300,STRAWBERRIES,4033,242,,,,,4035,242,,,,,4034.0,0.0
2,16400,STRAWBERRIES,4033,237,,,,,4035,237,,,,,4034.0,0.0
2,16500,STRAWBERRIES,4033,156,,,,,4034,56,4035.0,100.0,,,4033.5,0.0
2,16600,STRAWBERRIES,4032,183,,,,,4033,4,4034.0,183.0,,,4032.5,0.0
2,16700,STRAWBERRIES,4031,186,,,,,4033,186,,,,,4032.0,0.0
2,16800,STRAWBERRIES,4032,82,4031.0,198.0,,,4033,286,,,,,4032.5,0.0
2,16900,STRAWBERRIES,4032,178,,,,,4033,73,4034.0,105.0,,,4032.5,0.0
2,17000,STRAWBERRIES,4032,244,,,,,4033,95,4034.0,149.0,,,4032.5,0.0
2,17100,STRAWBERRIES,4032,79,4031.0,170.0,,,4033,249,,,,,4032.5,0.0
2,17200,STRAWBERRIES,4032,150,,,,,4033,150,,,,,4032.5,0.0
2,17300,STRAWBERRIES,4032,92,4031.0,137.0,,,4033,222,,,,,4032.5,0.0
2,17400,STRAWBERRIES,4032,206,,,,,4033,206,,,,,4032.5,0.0
2,17500,STRAWBERRIES,4032,63,4031.0,179.0,,,4033,242,,,,,4032.5,0.0
2,17600,STRAWBERRIES,4032,55,4031.0,103.0,,,4033,158,,,,,4032.5,0.0
2,17700,STRAWBERRIES,4032,225,,,,,4034,225,,,,,4033.0,0.0
2,17800,STRAWBERRIES,4032,239,,,,,4033,68,4034.0,171.0,,,4032.5,0.0
2,17900,STRAWBERRIES,4032,271,,,,,4034,271,,,,,4033.0,0.0
2,18000,STRAWBERRIES,4032,232,,,,,4033,78,4034.0,154.0,,,4032.5,0.0
2,18100,STRAWBERRIES,4032,244,,,,,4033,79,4034.0,165.0,,,4032.5,0.0
2,18200,STRAWBERRIES,4032,208,,,,,4034,208,,,,,4033.0,0.0
2,18300,STRAWBERRIES,4032,200,,,,,4034,200,,,,,4033.0,0.0
2,18400,STRAWBERRIES,4032,189,,,,,4034,189,,,,,4033.0,0.0
2,18500,STRAWBERRIES,4033,224,,,,,4034,224,,,,,4033.5,0.0
2,18600,STRAWBERRIES,4033,227,,,,,4034,227,,,,,4033.5,0.0
2,18700,STRAWBERRIES,4032,290,,,,,4034,290,,,,,4033.0,0.0
2,18800,STRAWBERRIES,4032,63,4031.0,185.0,,,4033,248,,,,,4032.5,0.0
2,18900,STRAWBERRIES,4031,239,,,,,4033,239,,,,,4032.0,0.0
2,19000,STRAWBERRIES,4031,213,,,,,4033,213,,,,,4032.0,0.0
2,19100,STRAWBERRIES,4031,180,,,,,4032,64,4033.0,116.0,,,4031.5,0.0
2,19200,STRAWBERRIES,4031,261,,,,,4032,83,4033.0,178.0,,,4031.5,0.0
2,19300,STRAWBERRIES,4031,209,,,,,4033,209,,,,,4032.0,0.0
2,19400,STRAWBERRIES,4031,218,,,,,4032,65,4033.0,160.0,,,4031.5,0.0
2,19500,STRAWBERRIES,4031,206,,,,,4032,206,,,,,4031.5,0.0
2,19600,STRAWBERRIES,4031,98,4030.0,102.0,,,4032,200,,,,,4031.5,0.0
2,19700,STRAWBERRIES,4031,56,4030.0,107.0,,,4032,163,,,,,4031.5,0.0
2,19800,STRAWBERRIES,4031,189,,,,,4033,189,,,,,4032.0,0.0
2,19900,STRAWBERRIES,4032,235,,,,,4033,235,,,,,4032.5,0.0
2,20000,STRAWBERRIES,4032,186,,,,,4033,86,4034.0,100.0,,,4032.5,0.0
2,20100,STRAWBERRIES,4032,274,,,,,4034,274,,,,,4033.0,0.0
2,20200,STRAWBERRIES,4032,168,,,,,4034,168,,,,,4033.0,0.0
2,20300,STRAWBERRIES,4032,269,,,,,4034,269,,,,,4033.0,0.0
2,20400,STRAWBERRIES,4032,203,,,,,4034,203,,,,,4033.0,0.0
2,20500,STRAWBERRIES,4032,201,,,,,4034,201,,,,,4033.0,0.0
2,20600,STRAWBERRIES,4032,271,,,,,4034,271,,,,,4033.0,0.0
2,20700,STRAWBERRIES,4032,229,,,,,4034,229,,,,,4033.0,0.0
2,20800,STRAWBERRIES,4032,273,,,,,4033,98,4034.0,175.0,,,4032.5,0.0
2,20900,STRAWBERRIES,4032,183,,,,,4033,80,4034.0,103.0,,,4032.5,0.0
2,21000,STRAWBERRIES,4032,267,,,,,4033,267,,,,,4032.5,0.0
2,21100,STRAWBERRIES,4032,249,,,,,4033,249,,,,,4032.5,0.0
2,21200,STRAWBERRIES,4032,266,,,,,4033,266,,,,,4032.5,0.0
2,21300,STRAWBERRIES,4032,241,,,,,4033,241,,,,,4032.5,0.0
2,21400,STRAWBERRIES,4032,205,,,,,4033,71,4034.0,139.0,,,4032.5,0.0
2,21500,STRAWBERRIES,4032,160,,,,,4033,160,,,,,4032.5,0.0
2,21600,STRAWBERRIES,4032,220,,,,,4034,220,,,,,4033.0,0.0
2,21700,STRAWBERRIES,4032,242,,,,,4034,242,,,,,4033.0,0.0
2,21800,STRAWBERRIES,4033,11,4032.0,191.0,,,4034,191,,,,,4033.5,0.0
2,21900,STRAWBERRIES,4032,209,,,,,4034,209,,,,,4033.0,0.0
2,22000,STRAWBERRIES,4032,211,,,,,4033,85,4034.0,126.0,,,4032.5,0.0
2,22100,STRAWBERRIES,4032,182,,,,,4033,54,4034.0,128.0,,,4032.5,0.0
2,22200,STRAWBERRIES,4032,220,,,,,4034,220,,,,,4033.0,0.0
2,22300,STRAWBERRIES,4032,225,,,,,4034,213,,,,,4033.0,0.0
2,22400,STRAWBERRIES,4032,267,,,,,4034,267,,,,,4033.0,0.0
2,22500,STRAWBERRIES,4032,269,,,,,4034,269,,,,,4033.0,0.0
2,22600,STRAWBERRIES,4032,218,,,,,4034,218,,,,,4033.0,0.0
2,22700,STRAWBERRIES,4032,251,,,,,4033,62,4034.0,189.0,,,4032.5,0.0
2,22800,STRAWBERRIES,4032,241,,,,,4034,241,,,,,4033.0,0.0
2,22900,STRAWBERRIES,4032,253,,,,,4034,253,,,,,4033.0,0.0
2,23000,STRAWBERRIES,4033,250,,,,,4034,250,,,,,4033.5,0.0
2,23100,STRAWBERRIES,4033,263,,,,,4035,263,,,,,4034.0,0.0
2,23200,STRAWBERRIES,4033,258,,,,,4035,258,,,,,4034.0,0.0
2,23300,STRAWBERRIES,4034,214,,,,,4035,214,,,,,4034.5,0.0
2,23400,STRAWBERRIES,4034,250,,,,,4036,250,,,,,4035.0,0.0
2,23500,STRAWBERRIES,4034,272,,,,,4035,100,4036.0,172.0,,,4034.5,0.0
2,23600,STRAWBERRIES,4034,187,,,,,4036,190,,,,,4035.0,0.0
2,23700,STRAWBERRIES,4034,260,,,,,4035,93,4036.0,167.0,,,4034.5,0.0
2,23800,STRAWBERRIES,4034,246,,,,,4035,90,4036.0,156.0,,,4034.5,0.0
2,23900,STRAWBERRIES,4034,87,4033.0,180.0,,,4035,261,,,,,4034.5,0.0
2,24000,STRAWBERRIES,4034,173,,,,,4035,59,4036.0,114.0,,,4034.5,0.0
2,24100,STRAWBERRIES,4034,187,,,,,4036,187,,,,,4035.0,0.0
2,24200,STRAWBERRIES,4034,278,,,,,4035,278,,,,,4034.5,0.0
2,24300,STRAWBERRIES,4034,276,,,,,4035,276,,,,,4034.5,0.0
2,24400,STRAWBERRIES,4034,57,4033.0,156.0,,,4035,213,,,,,4034.5,0.0
2,24500,STRAWBERRIES,4034,40,4033.0,189.0,,,4035,239,,,,,4034.5,0.0
2,24600,STRAWBERRIES,4034,85,4033.0,173.0,,,4035,258,,,,,4034.5,0.0
2,24700,STRAWBERRIES,4034,51,4033.0,150.0,,,4035,201,,,,,4034.5,0.0
2,24800,STRAWBERRIES,4033,264,,,,,4035,264,,,,,4034.0,0.0
2,24900,STRAWBERRIES,4034,272,,,,,4035,272,,,,,4034.5,0.0
2,25000,STRAWBERRIES,4034,222,,,,,4036,222,,,,,4035.0,0.0
2,25100,STRAWBERRIES,4035,218,,,,,4036,218,,,,,4035.5,0.0
2,25200,STRAWBERRIES,4035,203,,,,,4037,193,,,,,4036.0,0.0
2,25300,STRAWBERRIES,4035,195,,,,,4036,187,,,,,4035.5,0.0
2,25400,STRAWBERRIES,4035,174,,,,,4036,61,4037.0,113.0,,,4035.5,0.0
2,25500,STRAWBERRIES,4035,282,,,,,4036,282,,,,,4035.5,0.0
2,25600,STRAWBERRIES,4035,286,,,,,4037,286,,,,,4036.0,0.0
2,25700,STRAWBERRIES,4035,213,,,,,4037,213,,,,,4036.0,0.0
2,25800,STRAWBERRIES,4036,75,4035.0,159.0,,,4037,234,,,,,4036.5,0.0
2,25900,STRAWBERRIES,4036,262,,,,,4037,262,,,,,4036.5,0.0
2,26000,STRAWBERRIES,4036,226,,,,,4037,226,,,,,4036.5,0.0
2,26100,STRAWBERRIES,4036,246,,,,,4037,92,4038.0,154.0,,,4036.5,0.0
2,26200,STRAWBERRIES,4036,65,4035.0,107.0,,,4037,164,,,,,4036.5,0.0
2,26300,STRAWBERRIES,4035,183,,,,,4036,76,4037.0,107.0,,,4035.5,0.0
2,26400,STRAWBERRIES,4036,62,4035.0,149.0,,,4037,211,,,,,4036.5,0.0
2,26500,STRAWBERRIES,4035,174,,,,,4036,63,4037.0,111.0,,,4035.5,0.0
2,26600,STRAWBERRIES,4036,219,,,,,4037,219,,,,,4036.5,0.0
2,26700,STRAWBERRIES,4036,56,4035.0,114.0,,,4037,170,,,,,4036.5,0.0
2,26800,STRAWBERRIES,4036,235,,,,,4038,235,,,,,4037.0,0.0
2,26900,STRAWBERRIES,4036,189,,,,,4038,197,,,,,4037.0,0.0
2,27000,STRAWBERRIES,4037,68,4036.0,183.0,,,4038,246,,,,,4037.5,0.0
2,27100,STRAWBERRIES,4037,90,4036.0,121.0,,,4038,211,,,,,4037.5,0.0
2,27200,STRAWBERRIES,4036,209,,,,,4038,209,,,,,4037.0,0.0
2,27300,STRAWBERRIES,4036,253,,,,,4038,253,,,,,4037.0,0.0
2,27400,STRAWBERRIES,4036,182,,,,,4038,182,,,,,4037.0,0.0
2,27500,STRAWBERRIES,4037,76,4036.0,153.0,,,4038,241,,,,,4037.5,0.0
2,27600,STRAWBERRIES,4036,260,,,,,4038,260,,,,,4037.0,0.0
2,27700,STRAWBERRIES,4037,63,4036.0,109.0,,,4038,172,,,,,4037.5,0.0
2,27800,STRAWBERRIES,4037,275,,,,,4038,86,4039.0,189.0,,,4037.5,0.0
2,27900,STRAWBERRIES,4037,288,,,,,4038,98,4039.0,183.0,,,4037.5,0.0
2,28000,STRAWBERRIES,4037,261,,,,,4038,88,4039.0,173.0,,,4037.5,0.0
2,28100,STRAWBERRIES,4037,172,,,,,4038,172,,,,,4037.5,0.0
2,28200,STRAWBERRIES,4036,279,,,,,4038,267,,,,,4037.0,0.0
2,28300,STRAWBERRIES,4036,222,,,,,4037,74,4038.0,148.0,,,4036.5,0.0
2,28400,STRAWBERRIES,4037,8,4036.0,191.0,,,4038,191,,,,,4037.5,0.0
2,28500,STRAWBERRIES,4036,187,,,,,4037,187,,,,,4036.5,0.0
2,28600,STRAWBERRIES,4036,62,4035.0,111.0,,,4037,173,,,,,4036.5,0.0
2,28700,STRAWBERRIES,4036,97,4035.0,173.0,,,4037,270,,,,,4036.5,0.0
2,28800,STRAWBERRIES,4036,193,,,,,4037,193,,,,,4036.5,0.0
2,28900,STRAWBERRIES,4036,81,4035.0,199.0,,,4037,280,,,,,4036.5,0.0
2,29000,STRAWBERRIES,4035,233,,,,,4036,52,4037.0,181.0,,,4035.5,0.0
2,29100,STRAWBERRIES,4035,217,,,,,4036,60,4037.0,157.0,,,4035.5,0.0
2,29200,STRAWBERRIES,4035,81,4034.0,113.0,,,4036,194,,,,,4035.5,0.0
2,29300,STRAWBERRIES,4035,270,,,,,4036,270,,,,,4035.5,0.0
2,29400,STRAWBERRIES,4034,255,,,,,4036,255,,,,,4035.0,0.0
2,29500,STRAWBERRIES,4034,249,,,,,4036,249,,,,,4035.0,0.0
2,29600,STRAWBERRIES,4034,253,,,,,4036,253,,,,,4035.0,0.0
2,29700,STRAWBERRIES,4035,103,4034.0,180.0,,,4036,273,,,,,4035.5,0.0
2,29800,STRAWBERRIES,4034,273,,,,,4036,273,,,,,4035.0,0.0
2,29900,STRAWBERRIES,4034,208,,,,,4036,208,,,,,4035.0,0.0
2,30000,STRAWBERRIES,4034,204,,,,,4036,204,,,,,4035.0,0.0
2,30100,STRAWBERRIES,4034,288,,,,,4036,288,,,,,4035.0,0.0
2,30200,STRAWBERRIES,4035,87,4034.0,187.0,,,4036,274,,,,,4035.5,0.0
2,30300,STRAWBERRIES,4035,93,4034.0,157.0,,,4036,250,,,,,4035.5,0.0
2,30400,STRAWBERRIES,4034,204,,,,,4036,204,,,,,4035.0,0.0
2,30500,STRAWBERRIES,4034,179,,,,,4035,179,,,,,4034.5,0.0
2,30600,STRAWBERRIES,4033,254,,,,,4035,254,,,,,4034.0,0.0
2,30700,STRAWBERRIES,4033,239,,,,,4035,239,,,,,4034.0,0.0
2,30800,STRAWBERRIES,4033,88,4032.0,169.0,,,4034,257,,,,,4033.5,0.0
2,30900,STRAWBERRIES,4033,222,,,,,4034,222,,,,,4033.5,0.0
2,31000,STRAWBERRIES,4032,271,,,,,4034,280,,,,,4033.0,0.0
2,31100,STRAWBERRIES,4032,248,,,,,4034,248,,,,,4033.0,0.0
2,31200,STRAWBERRIES,4032,230,,,,,4034,230,,,,,4033.0,0.0
2,31300,STRAWBERRIES,4032,240,,,,,4034,240,,,,,4033.0,0.0
2,31400,STRAWBERRIES,4032,202,,,,,4033,72,4034.0,120.0,,,4032.5,0.0
2,31500,STRAWBERRIES,4032,231,,,,,4033,60,4034.0,171.0,,,4032.5,0.0
2,31600,STRAWBERRIES,4032,71,4031.0,116.0,,,4033,187,,,,,4032.5,0.0
2,31700,STRAWBERRIES,4032,250,,,,,4033,78,4034.0,172.0,,,4032.5,0.0
2,31800,STRAWBERRIES,4032,259,,,,,4033,92,4034.0,167.0,,,4032.5,0.0
2,31900,STRAWBERRIES,4032,250,,,,,4033,80,4034.0,170.0,,,4032.5,0.0
2,32000,STRAWBERRIES,4032,188,,,,,4033,188,,,,,4032.5,0.0
2,32100,STRAWBERRIES,4032,263,,,,,4034,263,,,,,4033.0,0.0
2,32200,STRAWBERRIES,4032,261,,,,,4034,261,,,,,4033.0,0.0
2,32300,STRAWBERRIES,4032,88,4031.0,148.0,,,4033,236,,,,,4032.5,0.0
2,32400,STRAWBERRIES,4031,261,,,,,4033,261,,,,,4032.0,0.0
2,32500,STRAWBERRIES,4031,216,,,,,4033,216,,,,,4032.0,0.0
2,32600,STRAWBERRIES,4032,187,,,,,4033,187,,,,,4032.5,0.0
2,32700,STRAWBERRIES,4032,277,,,,,4033,277,,,,,4032.5,0.0
2,32800,STRAWBERRIES,4032,73,4031.0,121.0,,,4033,194,,,,,4032.5,0.0
2,32900,STRAWBERRIES,4032,261,,,,,4033,261,,,,,4032.5,0.0
2,33000,STRAWBERRIES,4032,58,4031.0,196.0,,,4033,249,,,,,4032.5,0.0
2,33100,STRAWBERRIES,4032,251,,,,,4034,251,,,,,4033.0,0.0
2,33200,STRAWBERRIES,4033,99,4032.0,135.0,,,4034,234,,,,,4033.5,0.0
2,33300,STRAWBERRIES,4032,180,,,,,4033,180,,,,,4032.5,0.0
2,33400,STRAWBERRIES,4032,241,,,,,4034,241,,,,,4033.0,0.0
2,33500,STRAWBERRIES,4032,189,,,,,4034,189,,,,,4033.0,0.0
2,33600,STRAWBERRIES,4032,227,,,,,4034,227,,,,,4033.0,0.0
2,33700,STRAWBERRIES,4032,207,,,,,4034,207,,,,,4033.0,0.0
2,33800,STRAWBERRIES,4032,219,,,,,4033,219,,,,,4032.5,0.0
2,33900,STRAWBERRIES,4032,55,4031.0,148.0,,,4033,203,,,,,4032.5,0.0
2,34000,STRAWBERRIES,4031,266,,,,,4033,266,,,,,4032.0,0.0
2,34100,STRAWBERRIES,4032,80,4031.0,151.0,,,4033,231,,,,,4032.5,0.0
2,34200,STRAWBERRIES,4031,257,,,,,4033,257,,,,,4032.0,0.0
2,34300,STRAWBERRIES,4032,70,4031.0,182.0,,,4033,252,,,,,4032.5,0.0
2,34400,STRAWBERRIES,4032,213,,,,,4034,213,,,,,4033.0,0.0
2,34500,STRAWBERRIES,4032,242,,,,,4034,242,,,,,4033.0,0.0
2,34600,STRAWBERRIES,4032,227,,,,,4034,217,,,,,4033.0,0.0
2,34700,STRAWBERRIES,4033,285,,,,,4035,274,,,,,4034.0,0.0
2,34800,STRAWBERRIES,4033,294,,,,,4034,94,4035.0,200.0,,,4033.5,0.0
2,34900,STRAWBERRIES,4033,202,,,,,4034,202,,,,,4033.5,0.0
2,35000,STRAWBERRIES,4033,252,,,,,4034,252,,,,,4033.5,0.0
2,35100,STRAWBERRIES,4033,64,4032.0,179.0,,,4034,243,,,,,4033.5,0.0
2,35200,STRAWBERRIES,4033,86,4032.0,154.0,,,4034,240,,,,,4033.5,0.0
2,35300,STRAWBERRIES,4033,245,,,,,4035,245,,,,,4034.0,0.0
2,35400,STRAWBERRIES,4034,77,4033.0,135.0,,,4035,212,,,,,4034.5,0.0
2,35500,STRAWBERRIES,4034,72,4033.0,179.0,,,4035,251,,,,,4034.5,0.0
2,35600,STRAWBERRIES,4034,88,4033.0,144.0,,,4035,232,,,,,4034.5,0.0
2,35700,STRAWBERRIES,4033,292,,,,,4035,292,,,,,4034.0,0.0
2,35800,STRAWBERRIES,4034,189,,,,,4036,192,,,,,4035.0,0.0
2,35900,STRAWBERRIES,4034,223,,,,,4035,64,4036.0,159.0,,,4034.5,0.0
2,36000,STRAWBERRIES,4034,271,,,,,4035,3,4036.0,271.0,,,4034.5,0.0
2,36100,STRAWBERRIES,4034,179,,,,,4036,179,,,,,4035.0,0.0
2,36200,STRAWBERRIES,4034,209,,,,,4035,79,4036.0,130.0,,,4034.5,0.0
2,36300,STRAWBERRIES,4034,56,4033.0,198.0,,,4035,254,,,,,4034.5,0.0
2,36400,STRAWBERRIES,4034,203,,,,,4036,194,,,,,4035.0,0.0
2,36500,STRAWBERRIES,4034,206,,,,,4035,97,4036.0,109.0,,,4034.5,0.0
2,36600,STRAWBERRIES,4034,247,,,,,4036,247,,,,,4035.0,0.0
2,36700,STRAWBERRIES,4035,82,4034.0,102.0,,,4036,173,,,,,4035.5,0.0
2,36800,STRAWBERRIES,4035,240,,,,,4036,240,,,,,4035.5,0.0
2,36900,STRAWBERRIES,4035,53,4034.0,169.0,,,4036,222,,,,,4035.5,0.0
2,37000,STRAWBERRIES,4035,89,4034.0,157.0,,,4036,246,,,,,4035.5,0.0
2,37100,STRAWBERRIES,4035,68,4034.0,183.0,,,4036,251,,,,,4035.5,0.0
2,37200,STRAWBERRIES,4035,218,,,,,4036,70,4037.0,148.0,,,4035.5,0.0
2,37300,STRAWBERRIES,4035,233,,,,,4036,81,4037.0,161.0,,,4035.5,0.0
2,37400,STRAWBERRIES,4035,266,,,,,4037,266,,,,,4036.0,0.0
2,37500,STRAWBERRIES,4035,278,,,,,4037,278,,,,,4036.0,0.0
2,37600,STRAWBERRIES,4036,267,,,,,4037,267,,,,,4036.5,0.0
2,37700,STRAWBERRIES,4036,62,4035.0,163.0,,,4037,225,,,,,4036.5,0.0
2,37800,STRAWBERRIES,4035,198,,,,,4036,4,4037.0,198.0,,,4035.5,0.0
2,37900,STRAWBERRIES,4035,196,,,,,4037,196,,,,,4036.0,0.0
2,38000,STRAWBERRIES,4035,210,,,,,4036,210,,,,,4035.5,0.0
2,38100,STRAWBERRIES,4034,156,,,,,4036,156,,,,,4035.0,0.0
2,38200,STRAWBERRIES,4035,218,,,,,4036,218,,,,,4035.5,0.0
2,38300,STRAWBERRIES,4035,54,4034.0,144.0,,,4036,198,,,,,4035.5,0.0
2,38400,STRAWBERRIES,4035,197,,,,,4036,197,,,,,4035.5,0.0
2,38500,STRAWBERRIES,4035,290,,,,,4036,93,4037.0,197.0,,,4035.5,0.0
2,38600,STRAWBERRIES,4036,58,4035.0,145.0,,,4037,203,,,,,4036.5,0.0
2,38700,STRAWBERRIES,4036,237,,,,,4038,237,,,,,4037.0,0.0
2,38800,STRAWBERRIES,4036,172,,,,,4038,172,,,,,4037.0,0.0
2,38900,STRAWBERRIES,4036,250,,,,,4037,250,,,,,4036.5,0.0
2,39000,STRAWBERRIES,4036,256,,,,,4037,78,4038.0,170.0,,,4036.5,0.0
2,39100,STRAWBERRIES,4035,213,,,,,4037,213,,,,,4036.0,0.0
2,39200,STRAWBERRIES,4035,262,,,,,4037,262,,,,,4036.0,0.0
2,39300,STRAWBERRIES,4035,281,,,,,4037,281,,,,,4036.0,0.0
2,39400,STRAWBERRIES,4035,216,,,,,4037,216,,,,,4036.0,0.0
2,39500,STRAWBERRIES,4036,100,4035.0,167.0,,,4037,267,,,,,4036.5,0.0
2,39600,STRAWBERRIES,4035,207,,,,,4037,207,,,,,4036.0,0.0
2,39700,STRAWBERRIES,4036,70,4035.0,126.0,,,4037,196,,,,,4036.5,0.0
2,39800,STRAWBERRIES,4036,56,4035.0,162.0,,,4037,218,,,,,4036.5,0.0
2,39900,STRAWBERRIES,4036,88,4035.0,167.0,,,4037,255,,,,,4036.5,0.0
2,40000,STRAWBERRIES,4036,255,,,,,4037,82,4038.0,173.0,,,4036.5,0.0
2,40100,STRAWBERRIES,4037,93,4036.0,105.0,,,4038,192,,,,,4037.5,0.0
2,40200,STRAWBERRIES,4038,258,,,,,4039,96,4040.0,162.0,,,4038.5,0.0
2,40300,STRAWBERRIES,4038,160,,,,,4039,160,,,,,4038.5,0.0
2,40400,STRAWBERRIES,4038,211,,,,,4039,99,4040.0,119.0,,,4038.5,0.0
2,40500,STRAWBERRIES,4038,238,,,,,4039,93,4040.0,145.0,,,4038.5,0.0
2,40600,STRAWBERRIES,4038,250,,,,,4039,59,4040.0,191.0,,,4038.5,0.0
2,40700,STRAWBERRIES,4038,190,,,,,4040,190,,,,,4039.0,0.0
2,40800,STRAWBERRIES,4038,229,,,,,4039,229,,,,,4038.5,0.0
2,40900,STRAWBERRIES,4038,230,,,,,4039,67,4040.0,163.0,,,4038.5,0.0
2,41000,STRAWBERRIES,4038,241,,,,,4040,241,,,,,4039.0,0.0
2,41100,STRAWBERRIES,4038,265,,,,,4039,76,4040.0,189.0,,,4038.5,0.0
2,41200,STRAWBERRIES,4038,259,,,,,4040,259,,,,,4039.0,0.0
2,41300,STRAWBERRIES,4039,51,4038.0,151.0,,,4040,202,,,,,4039.5,0.0
2,41400,STRAWBERRIES,4039,82,4038.0,109.0,,,4040,191,,,,,4039.5,0.0
2,41500,STRAWBERRIES,4039,203,,,,,4040,77,4041.0,126.0,,,4039.5,0.0
2,41600,STRAWBERRIES,4038,248,,,,,4040,248,,,,,4039.0,0.0
2,41700,STRAWBERRIES,4038,187,,,,,4040,187,,,,,4039.0,0.0
2,41800,STRAWBERRIES,4038,199,,,,,4039,91,4040.0,108.0,,,4038.5,0.0
2,41900,STRAWBERRIES,4038,89,4037.0,172.0,,,4039,261,,,,,4038.5,0.0
2,42000,STRAWBERRIES,4037,208,,,,,4039,213,,,,,4038.0,0.0
2,42100,STRAWBERRIES,4037,197,,,,,4039,197,,,,,4038.0,0.0
2,42200,STRAWBERRIES,4037,222,,,,,4039,222,,,,,4038.0,0.0
2,42300,STRAWBERRIES,4038,58,4037.0,106.0,,,4039,164,,,,,4038.5,0.0
2,42400,STRAWBERRIES,4038,281,,,,,4039,98,4040.0,183.0,,,4038.5,0.0
2,42500,STRAWBERRIES,4038,10,4037.0,168.0,,,4039,168,,,,,4038.5,0.0
2,42600,STRAWBERRIES,4037,228,,,,,4038,96,4039.0,132.0,,,4037.5,0.0
2,42700,STRAWBERRIES,4037,247,,,,,4039,247,,,,,4038.0,0.0
2,42800,STRAWBERRIES,4037,199,,,,,4038,65,4039.0,134.0,,,4037.5,0.0
2,42900,STRAWBERRIES,4037,186,,,,,4038,83,4039.0,103.0,,,4037.5,0.0
2,43000,STRAWBERRIES,4037,200,,,,,4039,200,,,,,4038.0,0.0
2,43100,STRAWBERRIES,4038,64,4037.0,105.0,,,4039,169,,,,,4038.5,0.0
2,43200,STRAWBERRIES,4037,250,,,,,4039,250,,,,,4038.0,0.0
2,43300,STRAWBERRIES,4037,283,,,,,4038,283,,,,,4037.5,0.0
2,43400,STRAWBERRIES,4037,253,,,,,4038,244,,,,,4037.5,0.0
2,43500,STRAWBERRIES,4037,61,4036.0,142.0,,,4038,203,,,,,4037.5,0.0
2,43600,STRAWBERRIES,4037,215,,,,,4038,215,,,,,4037.5,0.0
2,43700,STRAWBERRIES,4037,230,,,,,4038,76,4039.0,154.0,,,4037.5,0.0
2,43800,STRAWBERRIES,4037,214,,,,,4038,65,4039.0,149.0,,,4037.5,0.0
2,43900,STRAWBERRIES,4038,79,4037.0,159.0,,,4039,238,,,,,4038.5,0.0
2,44000,STRAWBERRIES,4038,238,,,,,4039,52,4040.0,186.0,,,4038.5,0.0
2,44100,STRAWBERRIES,4038,212,,,,,4039,212,,,,,4038.5,0.0
2,44200,STRAWBERRIES,4038,186,,,,,4039,63,4040.0,123.0,,,4038.5,0.0
2,44300,STRAWBERRIES,4038,211,,,,,4040,211,,,,,4039.0,0.0
2,44400,STRAWBERRIES,4038,238,,,,,4040,238,,,,,4039.0,0.0
2,44500,STRAWBERRIES,4039,224,,,,,4040,88,4041.0,136.0,,,4039.5,0.0
2,44600,STRAWBERRIES,4039,284,,,,,4040,284,,,,,4039.5,0.0
2,44700,STRAWBERRIES,4038,217,,,,,4040,217,,,,,4039.0,0.0
2,44800,STRAWBERRIES,4038,217,,,,,4039,81,4040.0,136.0,,,4038.5,0.0
2,44900,STRAWBERRIES,4038,93,4037.0,134.0,,,4039,227,,,,,4038.5,0.0
2,45000,STRAWBERRIES,4037,250,,,,,4038,82,4039.0,168.0,,,4037.5,0.0
2,45100,STRAWBERRIES,4037,73,4036.0,149.0,,,4038,222,,,,,4037.5,0.0
2,45200,STRAWBERRIES,4036,193,,,,,4038,193,,,,,4037.0,0.0
2,45300,STRAWBERRIES,4036,195,,,,,4038,195,,,,,4037.0,0.0
2,45400,STRAWBERRIES,4036,290,,,,,4037,91,4038.0,199.0,,,4036.5,0.0
2,45500,STRAWBERRIES,4036,190,,,,,4038,199,,,,,4037.0,0.0
2,45600,STRAWBERRIES,4036,231,,,,,4037,231,,,,,4036.5,0.0
2,45700,STRAWBERRIES,4036,189,,,,,4038,189,,,,,4037.0,0.0
2,45800,STRAWBERRIES,4036,265,,,,,4037,265,,,,,4036.5,0.0
2,45900,STRAWBERRIES,4036,231,,,,,4037,231,,,,,4036.5,0.0
2,46000,STRAWBERRIES,4037,227,,,,,4038,227,,,,,4037.5,0.0
2,46100,STRAWBERRIES,4037,7,4036.0,271.0,,,4038,271,,,,,4037.5,0.0
2,46200,STRAWBERRIES,4036,240,,,,,4038,240,,,,,4037.0,0.0
2,46300,STRAWBERRIES,4036,232,,,,,4038,228,,,,,4037.0,0.0
2,46400,STRAWBERRIES,4036,217,,,,,4038,217,,,,,4037.0,0.0
2,46500,STRAWBERRIES,4036,226,,,,,4038,226,,,,,4037.0,0.0
2,46600,STRAWBERRIES,4036,173,,,,,4037,60,4038.0,113.0,,,4036.5,0.0
2,46700,STRAWBERRIES,4035,255,,,,,4037,255,,,,,4036.0,0.0
2,46800,STRAWBERRIES,4035,247,,,,,4037,247,,,,,4036.0,0.0
2,46900,STRAWBERRIES,4035,88,4034.0,107.0,,,4036,195,,,,,4035.5,0.0
2,47000,STRAWBERRIES,4035,187,,,,,4036,87,4037.0,100.0,,,4035.5,0.0
2,47100,STRAWBERRIES,4035,160,,,,,4036,62,4037.0,101.0,,,4035.5,0.0
2,47200,STRAWBERRIES,4036,256,,,,,4037,256,,,,,4036.5,0.0
2,47300,STRAWBERRIES,4036,252,,,,,4038,252,,,,,4037.0,0.0
2,47400,STRAWBERRIES,4036,224,,,,,4038,224,,,,,4037.0,0.0
2,47500,STRAWBERRIES,4037,76,4036.0,123.0,,,4038,190,,,,,4037.5,0.0
2,47600,STRAWBERRIES,4037,217,,,,,4038,217,,,,,4037.5,0.0
2,47700,STRAWBERRIES,4037,71,4036.0,112.0,,,4038,183,,,,,4037.5,0.0
2,47800,STRAWBERRIES,4036,206,,,,,4038,206,,,,,4037.0,0.0
2,47900,STRAWBERRIES,4037,256,,,,,4039,246,,,,,4038.0,0.0
2,48000,STRAWBERRIES,4038,67,4037.0,159.0,,,4039,226,,,,,4038.5,0.0
2,48100,STRAWBERRIES,4037,185,,,,,4038,50,4039.0,135.0,,,4037.5,0.0
2,48200,STRAWBERRIES,4037,199,,,,,4038,68,4039.0,131.0,,,4037.5,0.0
2,48300,STRAWBERRIES,4037,258,,,,,4038,91,4039.0,167.0,,,4037.5,0.0
2,48400,STRAWBERRIES,4037,210,,,,,4038,66,4039.0,144.0,,,4037.5,0.0
2,48500,STRAWBERRIES,4037,191,,,,,4038,191,,,,,4037.5,0.0
2,48600,STRAWBERRIES,4037,287,,,,,4038,287,,,,,4037.5,0.0
2,48700,STRAWBERRIES,4036,233,,,,,4038,233,,,,,4037.0,0.0
2,48800,STRAWBERRIES,4036,284,,,,,4037,284,,,,,4036.5,0.0
2,48900,STRAWBERRIES,4036,254,,,,,4037,254,,,,,4036.5,0.0
2,49000,STRAWBERRIES,4036,212,,,,,4037,212,,,,,4036.5,0.0
2,49100,STRAWBERRIES,4036,212,,,,,4038,212,,,,,4037.0,0.0
2,49200,STRAWBERRIES,4036,272,,,,,4037,272,,,,,4036.5,0.0
2,49300,STRAWBERRIES,4035,272,,,,,4037,260,,,,,4036.0,0.0
2,49400,STRAWBERRIES,4036,194,,,,,4038,194,,,,,4037.0,0.0
2,49500,STRAWBERRIES,4036,284,,,,,4037,290,,,,,4036.5,0.0
2,49600,STRAWBERRIES,4036,160,,,,,4037,50,4038.0,110.0,,,4036.5,0.0
2,49700,STRAWBERRIES,4036,231,,,,,4038,231,,,,,4037.0,0.0
2,49800,STRAWBERRIES,4037,271,,,,,4038,271,,,,,4037.5,0.0
2,49900,STRAWBERRIES,4037,224,,,,,4038,224,,,,,4037.5,0.0
2,50000,STRAWBERRIES,4037,237,,,,,4038,237,,,,,4037.5,0.0
2,50100,STRAWBERRIES,4037,286,,,,,4038,99,4039.0,187.0,,,4037.5,0.0
2,50200,STRAWBERRIES,4037,164,,,,,4039,164,,,,,4038.0,0.0
2,50300,STRAWBERRIES,4038,100,4037.0,180.0,,,4039,280,,,,,4038.5,0.0
2,50400,STRAWBERRIES,4037,266,,,,,4038,65,4039.0,190.0,,,4037.5,0.0
2,50500,STRAWBERRIES,4037,267,,,,,4038,91,4039.0,176.0,,,4037.5,0.0
2,50600,STRAWBERRIES,4037,215,,,,,4038,215,,,,,4037.5,0.0
2,50700,STRAWBERRIES,4037,64,4036.0,130.0,,,4038,194,,,,,4037.5,0.0
2,50800,STRAWBERRIES,4038,98,4037.0,140.0,,,4039,238,,,,,4038.5,0.0
2,50900,STRAWBERRIES,4038,209,,,,,4039,61,4040.0,148.0,,,4038.5,0.0
2,51000,STRAWBERRIES,4039,189,,,,,4040,58,4041.0,131.0,,,4039.5,0.0
2,51100,STRAWBERRIES,4039,168,,,,,4041,168,,,,,4040.0,0.0
2,51200,STRAWBERRIES,4039,205,,,,,4041,205,,,,,4040.0,0.0
2,51300,STRAWBERRIES,4039,188,,,,,4041,188,,,,,4040.0,0.0
2,51400,STRAWBERRIES,4039,181,,,,,4041,181,,,,,4040.0,0.0
2,51500,STRAWBERRIES,4039,204,,,,,4040,82,4041.0,122.0,,,4039.5,0.0
2,51600,STRAWBERRIES,4039,240,,,,,4040,64,4041.0,168.0,,,4039.5,0.0
2,51700,STRAWBERRIES,4039,241,,,,,4041,241,,,,,4040.0,0.0
2,51800,STRAWBERRIES,4039,185,,,,,4041,185,,,,,4040.0,0.0
2,51900,STRAWBERRIES,4039,216,,,,,4040,75,4041.0,141.0,,,4039.5,0.0
2,52000,STRAWBERRIES,4039,169,,,,,4040,58,4041.0,111.0,,,4039.5,0.0
2,52100,STRAWBERRIES,4039,222,,,,,4041,222,,,,,4040.0,0.0
2,52200,STRAWBERRIES,4040,224,,,,,4041,72,4042.0,152.0,,,4040.5,0.0
2,52300,STRAWBERRIES,4040,208,,,,,4042,208,,,,,4041.0,0.0
2,52400,STRAWBERRIES,4040,193,,,,,4041,193,,,,,4040.5,0.0
2,52500,STRAWBERRIES,4040,184,,,,,4042,184,,,,,4041.0,0.0
2,52600,STRAWBERRIES,4040,288,,,,,4042,288,,,,,4041.0,0.0
2,52700,STRAWBERRIES,4040,221,,,,,4042,221,,,,,4041.0,0.0
2,52800,STRAWBERRIES,4040,259,,,,,4042,259,,,,,4041.0,0.0
2,52900,STRAWBERRIES,4040,184,,,,,4041,59,4042.0,125.0,,,4040.5,0.0
2,53000,STRAWBERRIES,4040,258,,,,,4042,258,,,,,4041.0,0.0
2,53100,STRAWBERRIES,4040,210,,,,,4042,210,,,,,4041.0,0.0
2,53200,STRAWBERRIES,4040,266,,,,,4041,68,4042.0,192.0,,,4040.5,0.0
2,53300,STRAWBERRIES,4040,192,,,,,4041,201,,,,,4040.5,0.0
2,53400,STRAWBERRIES,4040,244,,,,,4042,244,,,,,4041.0,0.0
2,53500,STRAWBERRIES,4041,91,4040.0,145.0,,,4042,236,,,,,4041.5,0.0
2,53600,STRAWBERRIES,4041,172,,,,,4042,165,,,,,4041.5,0.0
2,53700,STRAWBERRIES,4041,181,,,,,4042,191,,,,,4041.5,0.0
2,53800,STRAWBERRIES,4041,249,,,,,4042,75,4043.0,174.0,,,4041.5,0.0
2,53900,STRAWBERRIES,4040,203,,,,,4042,203,,,,,4041.0,0.0
2,54000,STRAWBERRIES,4041,86,4040.0,172.0,,,4042,258,,,,,4041.5,0.0
2,54100,STRAWBERRIES,4041,220,,,,,4042,220,,,,,4041.5,0.0
2,54200,STRAWBERRIES,4041,84,4040.0,167.0,,,4042,251,,,,,4041.5,0.0
2,54300,STRAWBERRIES,4040,239,,,,,4042,239,,,,,4041.0,0.0
2,54400,STRAWBERRIES,4040,242,,,,,4041,85,4042.0,157.0,,,4040.5,0.0
2,54500,STRAWBERRIES,4040,220,,,,,4041,77,4042.0,155.0,,,4040.5,0.0
2,54600,STRAWBERRIES,4040,261,,,,,4041,261,,,,,4040.5,0.0
2,54700,STRAWBERRIES,4039,258,,,,,4041,247,,,,,4040.0,0.0
2,54800,STRAWBERRIES,4039,50,4038.0,150.0,,,4040,200,,,,,4039.5,0.0
2,54900,STRAWBERRIES,4039,190,,,,,4041,190,,,,,4040.0,0.0
2,55000,STRAWBERRIES,4039,239,,,,,4040,239,,,,,4039.5,0.0
2,55100,STRAWBERRIES,4039,278,,,,,4040,278,,,,,4039.5,0.0
2,55200,STRAWBERRIES,4039,209,,,,,4041,209,,,,,4040.0,0.0
2,55300,STRAWBERRIES,4039,245,,,,,4041,245,,,,,4040.0,0.0
2,55400,STRAWBERRIES,4040,236,,,,,4042,236,,,,,4041.0,0.0
2,55500,STRAWBERRIES,4041,209,,,,,4042,209,,,,,4041.5,0.0
2,55600,STRAWBERRIES,4041,72,4040.0,150.0,,,4042,222,,,,,4041.5,0.0
2,55700,STRAWBERRIES,4041,238,,,,,4042,81,4043.0,157.0,,,4041.5,0.0
2,55800,STRAWBERRIES,4041,258,,,,,4042,258,,,,,4041.5,0.0
2,55900,STRAWBERRIES,4041,95,4040.0,140.0,,,4042,235,,,,,4041.5,0.0
2,56000,STRAWBERRIES,4041,250,,,,,4042,250,,,,,4041.5,0.0
2,56100,STRAWBERRIES,4041,256,,,,,4042,99,4043.0,157.0,,,4041.5,0.0
2,56200,STRAWBERRIES,4041,194,,,,,4043,194,,,,,4042.0,0.0
2,56300,STRAWBERRIES,4042,217,,,,,4044,217,,,,,4043.0,0.0
2,56400,STRAWBERRIES,4043,210,,,,,4044,80,4045.0,130.0,,,4043.5,0.0
2,56500,STRAWBERRIES,4044,6,4043.0,249.0,,,4045,249,,,,,4044.5,0.0
2,56600,STRAWBERRIES,4043,166,,,,,4045,166,,,,,4044.0,0.0
2,56700,STRAWBERRIES,4043,193,,,,,4044,67,4045.0,126.0,,,4043.5,0.0
2,56800,STRAWBERRIES,4043,221,,,,,4045,221,,,,,4044.0,0.0
2,56900,STRAWBERRIES,4043,199,,,,,4044,5,4045.0,199.0,,,4043.5,0.0
2,57000,STRAWBERRIES,4043,282,,,,,4045,282,,,,,4044.0,0.0
2,57100,STRAWBERRIES,4044,238,,,,,4045,238,,,,,4044.5,0.0
2,57200,STRAWBERRIES,4045,198,,,,,4046,63,4047.0,135.0,,,4045.5,0.0
2,57300,STRAWBERRIES,4045,172,,,,,4046,66,4047.0,106.0,,,4045.5,0.0
2,57400,STRAWBERRIES,4045,221,,,,,4046,81,4047.0,140.0,,,4045.5,0.0
2,57500,STRAWBERRIES,4045,103,4044.0,149.0,,,4046,241,,,,,4045.5,0.0
2,57600,STRAWBERRIES,4044,216,,,,,4045,84,4046.0,132.0,,,4044.5,0.0
2,57700,STRAWBERRIES,4044,198,,,,,4046,198,,,,,4045.0,0.0
2,57800,STRAWBERRIES,4044,292,,,,,4046,292,,,,,4045.0,0.0
2,57900,STRAWBERRIES,4044,200,,,,,4045,94,4046.0,106.0,,,4044.5,0.0
2,58000,STRAWBERRIES,4044,83,4043.0,190.0,,,4045,273,,,,,4044.5,0.0
2,58100,STRAWBERRIES,4044,193,,,,,4046,193,,,,,4045.0,0.0
2,58200,STRAWBERRIES,4045,267,,,,,4046,267,,,,,4045.5,0.0
2,58300,STRAWBERRIES,4044,211,,,,,4045,77,4046.0,134.0,,,4044.5,0.0
2,58400,STRAWBERRIES,4043,204,,,,,4045,204,,,,,4044.0,0.0
2,58500,STRAWBERRIES,4043,225,,,,,4045,225,,,,,4044.0,0.0
2,58600,STRAWBERRIES,4044,224,,,,,4045,224,,,,,4044.5,0.0
2,58700,STRAWBERRIES,4044,183,,,,,4045,56,4046.0,127.0,,,4044.5,0.0
2,58800,STRAWBERRIES,4043,209,,,,,4044,67,4045.0,142.0,,,4043.5,0.0
2,58900,STRAWBERRIES,4043,243,,,,,4044,59,4045.0,190.0,,,4043.5,0.0
2,59000,STRAWBERRIES,4043,230,,,,,4044,230,,,,,4043.5,0.0
2,59100,STRAWBERRIES,4043,175,,,,,4044,72,4045.0,103.0,,,4043.5,0.0
2,59200,STRAWBERRIES,4044,197,,,,,4046,197,,,,,4045.0,0.0
2,59300,STRAWBERRIES,4044,249,,,,,4046,249,,,,,4045.0,0.0
2,59400,STRAWBERRIES,4044,187,,,,,4046,187,,,,,4045.0,0.0
2,59500,STRAWBERRIES,4044,283,,,,,4045,91,4046.0,192.0,,,4044.5,0.0
2,59600,STRAWBERRIES,4044,224,,,,,4045,224,,,,,4044.5,0.0
2,59700,STRAWBERRIES,4044,251,,,,,4046,251,,,,,4045.0,0.0
2,59800,STRAWBERRIES,4044,243,,,,,4046,243,,,,,4045.0,0.0
2,59900,STRAWBERRIES,4044,236,,,,,4046,236,,,,,4045.0,0.0
2,60000,STRAWBERRIES,4044,264,,,,,4046,264,,,,,4045.0,0.0
2,60100,STRAWBERRIES,4044,219,,,,,4045,97,4046.0,122.0,,,4044.5,0.0
2,60200,STRAWBERRIES,4044,235,,,,,4045,235,,,,,4044.5,0.0
2,60300,STRAWBERRIES,4044,223,,,,,4045,61,4046.0,162.0,,,4044.5,0.0
2,60400,STRAWBERRIES,4044,215,,,,,4045,96,4046.0,119.0,,,4044.5,0.0
2,60500,STRAWBERRIES,4044,233,,,,,4046,226,,,,,4045.0,0.0
2,60600,STRAWBERRIES,4044,198,,,,,4045,198,,,,,4044.5,0.0
2,60700,STRAWBERRIES,4044,95,4043.0,145.0,,,4045,240,,,,,4044.5,0.0
2,60800,STRAWBERRIES,4044,207,,,,,4045,207,,,,,4044.5,0.0
2,60900,STRAWBERRIES,4043,276,,,,,4044,91,4045.0,185.0,,,4043.5,0.0
2,61000,STRAWBERRIES,4043,252,,,,,4044,67,4045.0,185.0,,,4043.5,0.0
2,61100,STRAWBERRIES,4042,161,,,,,4044,161,,,,,4043.0,0.0
2,61200,STRAWBERRIES,4043,206,,,,,4045,206,,,,,4044.0,0.0
2,61300,STRAWBERRIES,4043,260,,,,,4045,260,,,,,4044.0,0.0
2,61400,STRAWBERRIES,4044,187,,,,,4046,187,,,,,4045.0,0.0
2,61500,STRAWBERRIES,4044,214,,,,,4045,94,4046.0,120.0,,,4044.5,0.0
2,61600,STRAWBERRIES,4043,232,,,,,4045,232,,,,,4044.0,0.0
2,61700,STRAWBERRIES,4044,268,,,,,4046,268,,,,,4045.0,0.0
2,61800,STRAWBERRIES,4044,168,,,,,4046,168,,,,,4045.0,0.0
2,61900,STRAWBERRIES,4044,277,,,,,4046,277,,,,,4045.0,0.0
2,62000,STRAWBERRIES,4044,251,,,,,4046,251,,,,,4045.0,0.0
2,62100,STRAWBERRIES,4044,255,,,,,4046,255,,,,,4045.0,0.0
2,62200,STRAWBERRIES,4044,245,,,,,4046,245,,,,,4045.0,0.0
2,62300,STRAWBERRIES,4044,178,,,,,4046,178,,,,,4045.0,0.0
2,62400,STRAWBERRIES,4045,244,,,,,4047,244,,,,,4046.0,0.0
2,62500,STRAWBERRIES,4045,194,,,,,4046,53,4047.0,129.0,,,4045.5,0.0
2,62600,STRAWBERRIES,4046,64,4045.0,188.0,,,4047,252,,,,,4046.5,0.0
2,62700,STRAWBERRIES,4045,247,,,,,4047,247,,,,,4046.0,0.0
2,62800,STRAWBERRIES,4045,288,,,,,4047,288,,,,,4046.0,0.0
2,62900,STRAWBERRIES,4045,218,,,,,4046,99,4047.0,119.0,,,4045.5,0.0
2,63000,STRAWBERRIES,4045,196,,,,,4046,196,,,,,4045.5,0.0
2,63100,STRAWBERRIES,4045,98,4044.0,189.0,,,4046,287,,,,,4045.5,0.0
2,63200,STRAWBERRIES,4045,104,4044.0,128.0,,,4046,222,,,,,4045.5,0.0
2,63300,STRAWBERRIES,4044,237,,,,,4046,237,,,,,4045.0,0.0
2,63400,STRAWBERRIES,4044,245,,,,,4046,245,,,,,4045.0,0.0
2,63500,STRAWBERRIES,4044,241,,,,,4046,241,,,,,4045.0,0.0
2,63600,STRAWBERRIES,4044,196,,,,,4045,56,4046.0,140.0,,,4044.5,0.0
2,63700,STRAWBERRIES,4044,213,,,,,4045,70,4046.0,143.0,,,4044.5,0.0
2,63800,STRAWBERRIES,4044,193,,,,,4045,53,4046.0,140.0,,,4044.5,0.0
2,63900,STRAWBERRIES,4044,76,4043.0,116.0,,,4045,192,,,,,4044.5,0.0
2,64000,STRAWBERRIES,4043,225,,,,,4045,225,,,,,4044.0,0.0
2,64100,STRAWBERRIES,4043,187,,,,,4045,187,,,,,4044.0,0.0
2,64200,STRAWBERRIES,4043,258,,,,,4045,258,,,,,4044.0,0.0
2,64300,STRAWBERRIES,4043,255,,,,,4044,255,,,,,4043.5,0.0
2,64400,STRAWBERRIES,4043,272,,,,,4045,278,,,,,4044.0,0.0
2,64500,STRAWBERRIES,4043,276,,,,,4044,79,4045.0,197.0,,,4043.5,0.0
2,64600,STRAWBERRIES,4043,256,,,,,4044,246,,,,,4043.5,0.0
2,64700,STRAWBERRIES,4043,255,,,,,4044,255,,,,,4043.5,0.0
2,64800,STRAWBERRIES,4043,258,,,,,4044,258,,,,,4043.5,0.0
2,64900,STRAWBERRIES,4043,80,4042.0,116.0,,,4044,196,,,,,4043.5,0.0
2,65000,STRAWBERRIES,4043,61,4042.0,159.0,,,4044,220,,,,,4043.5,0.0
2,65100,STRAWBERRIES,4042,272,,,,,4044,272,,,,,4043.0,0.0
2,65200,STRAWBERRIES,4043,240,,,,,4044,52,4045.0,188.0,,,4043.5,0.0
2,65300,STRAWBERRIES,4043,168,,,,,4044,168,,,,,4043.5,0.0
2,65400,STRAWBERRIES,4043,98,4042.0,128.0,,,4044,226,,,,,4043.5,0.0
2,65500,STRAWBERRIES,4043,194,,,,,4045,194,,,,,4044.0,0.0
2,65600,STRAWBERRIES,4043,238,,,,,4045,238,,,,,4044.0,0.0
2,65700,STRAWBERRIES,4043,218,,,,,4045,218,,,,,4044.0,0.0
2,65800,STRAWBERRIES,4044,56,4043.0,155.0,,,4045,211,,,,,4044.5,0.0
2,65900,STRAWBERRIES,4044,63,4043.0,100.0,,,4045,163,,,,,4044.5,0.0
2,66000,STRAWBERRIES,4044,190,,,,,4046,190,,,,,4045.0,0.0
2,66100,STRAWBERRIES,4044,185,,,,,4046,185,,,,,4045.0,0.0
2,66200,STRAWBERRIES,4044,197,,,,,4045,68,4046.0,119.0,,,4044.5,0.0
2,66300,STRAWBERRIES,4045,69,4044.0,103.0,,,4046,172,,,,,4045.5,0.0
2,66400,STRAWBERRIES,4044,251,,,,,4046,251,,,,,4045.0,0.0
2,66500,STRAWBERRIES,4044,256,,,,,4045,84,4046.0,172.0,,,4044.5,0.0
2,66600,STRAWBERRIES,4044,242,,,,,4045,90,4046.0,152.0,,,4044.5,0.0
2,66700,STRAWBERRIES,4043,210,,,,,4045,210,,,,,4044.0,0.0
2,66800,STRAWBERRIES,4044,210,,,,,4045,210,,,,,4044.5,0.0
2,66900,STRAWBERRIES,4043,204,,,,,4045,204,,,,,4044.0,0.0
2,67000,STRAWBERRIES,4043,255,,,,,4044,255,,,,,4043.5,0.0
2,67100,STRAWBERRIES,4044,8,4043.0,187.0,,,4045,187,,,,,4044.5,0.0
2,67200,STRAWBERRIES,4044,52,4043.0,194.0,,,4045,246,,,,,4044.5,0.0
2,67300,STRAWBERRIES,4044,3,4043.0,249.0,,,4045,249,,,,,4044.5,0.0
2,67400,STRAWBERRIES,4043,256,,,,,4044,55,4045.0,197.0,,,4043.5,0.0
2,67500,STRAWBERRIES,4043,177,,,,,4044,56,4045.0,121.0,,,4043.5,0.0
2,67600,STRAWBERRIES,4043,65,4042.0,153.0,,,4044,218,,,,,4043.5,0.0
2,67700,STRAWBERRIES,4043,78,4042.0,143.0,,,4044,221,,,,,4043.5,0.0
2,67800,STRAWBERRIES,4043,255,,,,,4045,245,,,,,4044.0,0.0
2,67900,STRAWBERRIES,4044,88,4043.0,147.0,,,4045,245,,,,,4044.5,0.0
2,68000,STRAWBERRIES,4044,178,,,,,4045,59,4046.0,119.0,,,4044.5,0.0
2,68100,STRAWBERRIES,4043,208,,,,,4045,208,,,,,4044.0,0.0
2,68200,STRAWBERRIES,4044,92,4043.0,120.0,,,4045,212,,,,,4044.5,0.0
2,68300,STRAWBERRIES,4044,70,4043.0,112.0,,,4045,182,,,,,4044.5,0.0
2,68400,STRAWBERRIES,4043,251,,,,,4045,251,,,,,4044.0,0.0
2,68500,STRAWBERRIES,4043,249,,,,,4045,249,,,,,4044.0,0.0
2,68600,STRAWBERRIES,4043,259,,,,,4045,259,,,,,4044.0,0.0
2,68700,STRAWBERRIES,4043,265,,,,,4045,265,,,,,4044.0,0.0
2,68800,STRAWBERRIES,4043,257,,,,,4044,57,4045.0,200.0,,,4043.5,0.0
2,68900,STRAWBERRIES,4043,251,,,,,4044,81,4045.0,170.0,,,4043.5,0.0
2,69000,STRAWBERRIES,4043,199,,,,,4044,64,4045.0,135.0,,,4043.5,0.0
2,69100,STRAWBERRIES,4044,91,4043.0,187.0,,,4045,278,,,,,4044.5,0.0
2,69200,STRAWBERRIES,4043,239,,,,,4045,239,,,,,4044.0,0.0
2,69300,STRAWBERRIES,4044,260,,,,,4046,251,,,,,4045.0,0.0
2,69400,STRAWBERRIES,4044,224,,,,,4046,224,,,,,4045.0,0.0
2,69500,STRAWBERRIES,4045,193,,,,,4046,76,4047.0,117.0,,,4045.5,0.0
2,69600,STRAWBERRIES,4045,220,,,,,4046,53,4047.0,167.0,,,4045.5,0.0
2,69700,STRAWBERRIES,4045,228,,,,,4046,86,4047.0,142.0,,,4045.5,0.0
2,69800,STRAWBERRIES,4045,226,,,,,4047,226,,,,,4046.0,0.0
2,69900,STRAWBERRIES,4045,179,,,,,4046,179,,,,,4045.5,0.0
2,70000,STRAWBERRIES,4044,272,,,,,4046,272,,,,,4045.0,0.0
2,70100,STRAWBERRIES,4045,76,4044.0,177.0,,,4046,253,,,,,4045.5,0.0
2,70200,STRAWBERRIES,4045,265,,,,,4047,256,,,,,4046.0,0.0
2,70300,STRAWBERRIES,4045,250,,,,,4047,250,,,,,4046.0,0.0
2,70400,STRAWBERRIES,4044,237,,,,,4046,237,,,,,4045.0,0.0
2,70500,STRAWBERRIES,4044,250,,,,,4045,51,4046.0,199.0,,,4044.5,0.0
2,70600,STRAWBERRIES,4044,170,,,,,4045,170,,,,,4044.5,0.0
2,70700,STRAWBERRIES,4044,183,,,,,4045,62,4046.0,121.0,,,4044.5,0.0
2,70800,STRAWBERRIES,4044,213,,,,,4045,89,4046.0,124.0,,,4044.5,0.0
2,70900,STRAWBERRIES,4044,214,,,,,4045,80,4046.0,134.0,,,4044.5,0.0
2,71000,STRAWBERRIES,4044,203,,,,,4045,203,,,,,4044.5,0.0
2,71100,STRAWBERRIES,4044,57,4043.0,109.0,,,4045,166,,,,,4044.5,0.0
2,71200,STRAWBERRIES,4043,246,,,,,4045,246,,,,,4044.0,0.0
2,71300,STRAWBERRIES,4043,275,,,,,4045,275,,,,,4044.0,0.0
2,71400,STRAWBERRIES,4044,253,,,,,4045,253,,,,,4044.5,0.0
2,71500,STRAWBERRIES,4045,81,4044.0,193.0,,,4046,274,,,,,4045.5,0.0
2,71600,STRAWBERRIES,4044,237,,,,,4046,237,,,,,4045.0,0.0
2,71700,STRAWBERRIES,4045,52,4044.0,185.0,,,4046,237,,,,,4045.5,0.0
2,71800,STRAWBERRIES,4045,69,4044.0,156.0,,,4046,225,,,,,4045.5,0.0
2,71900,STRAWBERRIES,4045,100,4044.0,124.0,,,4046,224,,,,,4045.5,0.0
2,72000,STRAWBERRIES,4045,172,,,,,4047,172,,,,,4046.0,0.0
2,72100,STRAWBERRIES,4045,231,,,,,4046,100,4047.0,131.0,,,4045.5,0.0
2,72200,STRAWBERRIES,4045,214,,,,,4046,214,,,,,4045.5,0.0
2,72300,STRAWBERRIES,4046,54,4045.0,121.0,,,4047,175,,,,,4046.5,0.0
2,72400,STRAWBERRIES,4045,257,,,,,4046,89,4047.0,165.0,,,4045.5,0.0
2,72500,STRAWBERRIES,4044,181,,,,,4046,181,,,,,4045.0,0.0
2,72600,STRAWBERRIES,4044,241,,,,,4045,61,4046.0,192.0,,,4044.5,0.0
2,72700,STRAWBERRIES,4043,227,,,,,4045,227,,,,,4044.0,0.0
2,72800,STRAWBERRIES,4043,205,,,,,4044,52,4045.0,153.0,,,4043.5,0.0
2,72900,STRAWBERRIES,4043,211,,,,,4044,59,4045.0,152.0,,,4043.5,0.0
2,73000,STRAWBERRIES,4043,180,,,,,4045,180,,,,,4044.0,0.0
2,73100,STRAWBERRIES,4043,286,,,,,4045,280,,,,,4044.0,0.0
2,73200,STRAWBERRIES,4043,241,,,,,4044,241,,,,,4043.5,0.0
2,73300,STRAWBERRIES,4043,71,4042.0,181.0,,,4044,252,,,,,4043.5,0.0
2,73400,STRAWBERRIES,4043,204,,,,,4045,204,,,,,4044.0,0.0
2,73500,STRAWBERRIES,4043,183,,,,,4044,61,4045.0,122.0,,,4043.5,0.0
2,73600,STRAWBERRIES,4043,258,,,,,4044,84,4045.0,174.0,,,4043.5,0.0
2,73700,STRAWBERRIES,4043,212,,,,,4044,83,4045.0,129.0,,,4043.5,0.0
2,73800,STRAWBERRIES,4043,292,,,,,4044,100,4045.0,192.0,,,4043.5,0.0
2,73900,STRAWBERRIES,4043,174,,,,,4044,64,4045.0,110.0,,,4043.5,0.0
2,74000,STRAWBERRIES,4042,182,,,,,4044,182,,,,,4043.0,0.0
2,74100,STRAWBERRIES,4043,267,,,,,4044,80,4045.0,180.0,,,4043.5,0.0
2,74200,STRAWBERRIES,4043,236,,,,,4045,236,,,,,4044.0,0.0
2,74300,STRAWBERRIES,4043,200,,,,,4045,200,,,,,4044.0,0.0
2,74400,STRAWBERRIES,4043,230,,,,,4045,230,,,,,4044.0,0.0
2,74500,STRAWBERRIES,4044,89,4043.0,192.0,,,4045,281,,,,,4044.5,0.0
2,74600,STRAWBERRIES,4044,82,4043.0,126.0,,,4045,208,,,,,4044.5,0.0
2,74700,STRAWBERRIES,4044,79,4043.0,130.0,,,4045,209,,,,,4044.5,0.0
2,74800,STRAWBERRIES,4044,214,,,,,4045,214,,,,,4044.5,0.0
2,74900,STRAWBERRIES,4043,168,,,,,4044,11,4045.0,168.0,,,4043.5,0.0
2,75000,STRAWBERRIES,4044,50,4043.0,145.0,,,4045,195,,,,,4044.5,0.0
2,75100,STRAWBERRIES,4044,98,4043.0,189.0,,,4045,287,,,,,4044.5,0.0
2,75200,STRAWBERRIES,4044,95,4043.0,140.0,,,4045,235,,,,,4044.5,0.0
2,75300,STRAWBERRIES,4044,227,,,,,4046,218,,,,,4045.0,0.0
2,75400,STRAWBERRIES,4044,184,,,,,4045,55,4046.0,129.0,,,4044.5,0.0
2,75500,STRAWBERRIES,4044,77,4043.0,122.0,,,4045,199,,,,,4044.5,0.0
2,75600,STRAWBERRIES,4043,263,,,,,4044,263,,,,,4043.5,0.0
2,75700,STRAWBERRIES,4043,93,4042.0,192.0,,,4044,285,,,,,4043.5,0.0
2,75800,STRAWBERRIES,4043,214,,,,,4045,214,,,,,4044.0,0.0
2,75900,STRAWBERRIES,4043,212,,,,,4044,62,4045.0,150.0,,,4043.5,0.0
2,76000,STRAWBERRIES,4043,198,,,,,4045,198,,,,,4044.0,0.0
2,76100,STRAWBERRIES,4043,264,,,,,4045,264,,,,,4044.0,0.0
2,76200,STRAWBERRIES,4043,227,,,,,4045,227,,,,,4044.0,0.0
2,76300,STRAWBERRIES,4043,182,,,,,4045,182,,,,,4044.0,0.0
2,76400,STRAWBERRIES,4043,81,4042.0,113.0,,,4044,194,,,,,4043.5,0.0
2,76500,STRAWBERRIES,4043,85,4042.0,146.0,,,4044,231,,,,,4043.5,0.0
2,76600,STRAWBERRIES,4043,223,,,,,4044,223,,,,,4043.5,0.0
2,76700,STRAWBERRIES,4042,249,,,,,4044,249,,,,,4043.0,0.0
2,76800,STRAWBERRIES,4042,248,,,,,4043,78,4044.0,170.0,,,4042.5,0.0
2,76900,STRAWBERRIES,4041,248,,,,,4043,248,,,,,4042.0,0.0
2,77000,STRAWBERRIES,4042,244,,,,,4043,244,,,,,4042.5,0.0
2,77100,STRAWBERRIES,4042,93,4041.0,191.0,,,4043,284,,,,,4042.5,0.0
2,77200,STRAWBERRIES,4042,258,,,,,4043,258,,,,,4042.5,0.0
2,77300,STRAWBERRIES,4042,199,,,,,4043,199,,,,,4042.5,0.0
2,77400,STRAWBERRIES,4042,201,,,,,4043,201,,,,,4042.5,0.0
2,77500,STRAWBERRIES,4042,89,4041.0,152.0,,,4043,241,,,,,4042.5,0.0
2,77600,STRAWBERRIES,4042,50,4041.0,104.0,,,4043,154,,,,,4042.5,0.0
2,77700,STRAWBERRIES,4041,192,,,,,4043,192,,,,,4042.0,0.0
2,77800,STRAWBERRIES,4041,254,,,,,4043,254,,,,,4042.0,0.0
2,77900,STRAWBERRIES,4041,287,,,,,4043,287,,,,,4042.0,0.0
2,78000,STRAWBERRIES,4041,92,4040.0,167.0,,,4042,259,,,,,4041.5,0.0
2,78100,STRAWBERRIES,4040,272,,,,,4042,272,,,,,4041.0,0.0
2,78200,STRAWBERRIES,4040,251,,,,,4042,258,,,,,4041.0,0.0
2,78300,STRAWBERRIES,4040,219,,,,,4041,93,4042.0,126.0,,,4040.5,0.0
2,78400,STRAWBERRIES,4040,224,,,,,4041,84,4042.0,140.0,,,4040.5,0.0
2,78500,STRAWBERRIES,4040,83,4039.0,193.0,,,4041,276,,,,,4040.5,0.0
2,78600,STRAWBERRIES,4040,100,4039.0,140.0,,,4041,240,,,,,4040.5,0.0
2,78700,STRAWBERRIES,4040,265,,,,,4041,73,4042.0,192.0,,,4040.5,0.0
2,78800,STRAWBERRIES,4040,185,,,,,4042,185,,,,,4041.0,0.0
2,78900,STRAWBERRIES,4041,64,4040.0,125.0,,,4042,189,,,,,4041.5,0.0
2,79000,STRAWBERRIES,4041,227,,,,,4042,81,4043.0,146.0,,,4041.5,0.0
2,79100,STRAWBERRIES,4041,168,,,,,4042,52,4043.0,116.0,,,4041.5,0.0
2,79200,STRAWBERRIES,4041,276,,,,,4043,276,,,,,4042.0,0.0
2,79300,STRAWBERRIES,4042,232,,,,,4043,70,4044.0,162.0,,,4042.5,0.0
2,79400,STRAWBERRIES,4042,231,,,,,4043,231,,,,,4042.5,0.0
2,79500,STRAWBERRIES,4042,59,4041.0,191.0,,,4043,250,,,,,4042.5,0.0
2,79600,STRAWBERRIES,4042,222,,,,,4044,222,,,,,4043.0,0.0
2,79700,STRAWBERRIES,4042,257,,,,,4043,257,,,,,4042.5,0.0
2,79800,STRAWBERRIES,4042,265,,,,,4043,265,,,,,4042.5,0.0
2,79900,STRAWBERRIES,4042,9,4041.0,221.0,,,4043,221,,,,,4042.5,0.0
2,80000,STRAWBERRIES,4041,239,,,,,4043,239,,,,,4042.0,0.0
2,80100,STRAWBERRIES,4041,179,,,,,4042,179,,,,,4041.5,0.0
2,80200,STRAWBERRIES,4041,54,4040.0,132.0,,,4042,186,,,,,4041.5,0.0
2,80300,STRAWBERRIES,4040,179,,,,,4042,179,,,,,4041.0,0.0
2,80400,STRAWBERRIES,4040,74,4039.0,196.0,,,4041,270,,,,,4040.5,0.0
2,80500,STRAWBERRIES,4040,253,,,,,4042,253,,,,,4041.0,0.0
2,80600,STRAWBERRIES,4041,58,4040.0,111.0,,,4042,169,,,,,4041.5,0.0
2,80700,STRAWBERRIES,4042,246,,,,,4043,246,,,,,4042.5,0.0
2,80800,STRAWBERRIES,4042,94,4041.0,136.0,,,4043,230,,,,,4042.5,0.0
2,80900,STRAWBERRIES,4042,57,4041.0,138.0,,,4043,195,,,,,4042.5,0.0
2,81000,STRAWBERRIES,4042,266,,,,,4043,95,4044.0,171.0,,,4042.5,0.0
2,81100,STRAWBERRIES,4042,243,,,,,4044,243,,,,,4043.0,0.0
2,81200,STRAWBERRIES,4042,247,,,,,4044,247,,,,,4043.0,0.0
2,81300,STRAWBERRIES,4042,244,,,,,4043,77,4044.0,167.0,,,4042.5,0.0
2,81400,STRAWBERRIES,4043,77,4042.0,100.0,,,4044,177,,,,,4043.5,0.0
2,81500,STRAWBERRIES,4043,98,4042.0,182.0,,,4044,271,,,,,4043.5,0.0
2,81600,STRAWBERRIES,4042,277,,,,,4044,277,,,,,4043.0,0.0
2,81700,STRAWBERRIES,4043,88,4042.0,175.0,,,4044,263,,,,,4043.5,0.0
2,81800,STRAWBERRIES,4043,245,,,,,4044,80,4045.0,165.0,,,4043.5,0.0
2,81900,STRAWBERRIES,4043,216,,,,,4044,222,,,,,4043.5,0.0
2,82000,STRAWBERRIES,4043,244,,,,,4045,244,,,,,4044.0,0.0
2,82100,STRAWBERRIES,4043,188,,,,,4045,188,,,,,4044.0,0.0
2,82200,STRAWBERRIES,4043,63,4042.0,183.0,,,4044,246,,,,,4043.5,0.0
2,82300,STRAWBERRIES,4043,187,,,,,4044,187,,,,,4043.5,0.0
2,82400,STRAWBERRIES,4042,194,,,,,4044,194,,,,,4043.0,0.0
2,82500,STRAWBERRIES,4042,78,4041.0,117.0,,,4043,195,,,,,4042.5,0.0
2,82600,STRAWBERRIES,4042,263,,,,,4043,92,4044.0,171.0,,,4042.5,0.0
2,82700,STRAWBERRIES,4042,232,,,,,4044,232,,,,,4043.0,0.0
2,82800,STRAWBERRIES,4042,214,,,,,4044,214,,,,,4043.0,0.0
2,82900,STRAWBERRIES,4043,80,4042.0,118.0,,,4044,198,,,,,4043.5,0.0
2,83000,STRAWBERRIES,4043,262,,,,,4044,262,,,,,4043.5,0.0
2,83100,STRAWBERRIES,4042,238,,,,,4044,238,,,,,4043.0,0.0
2,83200,STRAWBERRIES,4042,180,,,,,4043,180,,,,,4042.5,0.0
2,83300,STRAWBERRIES,4042,268,,,,,4044,268,,,,,4043.0,0.0
2,83400,STRAWBERRIES,4043,217,,,,,4044,217,,,,,4043.5,0.0
2,83500,STRAWBERRIES,4043,65,4042.0,146.0,,,4044,211,,,,,4043.5,0.0
2,83600,STRAWBERRIES,4042,272,,,,,4044,272,,,,,4043.0,0.0
2,83700,STRAWBERRIES,4042,188,,,,,4044,188,,,,,4043.0,0.0
2,83800,STRAWBERRIES,4041,216,,,,,4043,216,,,,,4042.0,0.0
2,83900,STRAWBERRIES,4041,240,,,,,4043,240,,,,,4042.0,0.0
2,84000,STRAWBERRIES,4042,245,,,,,4044,245,,,,,4043.0,0.0
2,84100,STRAWBERRIES,4043,195,,,,,4044,195,,,,,4043.5,0.0
2,84200,STRAWBERRIES,4043,200,,,,,4044,92,4045.0,108.0,,,4043.5,0.0
2,84300,STRAWBERRIES,4043,198,,,,,4044,75,4045.0,123.0,,,4043.5,0.0
2,84400,STRAWBERRIES,4042,188,,,,,4044,188,,,,,4043.0,0.0
2,84500,STRAWBERRIES,4042,231,,,,,4044,231,,,,,4043.0,0.0
2,84600,STRAWBERRIES,4043,63,4042.0,145.0,,,4044,208,,,,,4043.5,0.0
2,84700,STRAWBERRIES,4042,238,,,,,4044,242,,,,,4043.0,0.0
2,84800,STRAWBERRIES,4043,8,4042.0,211.0,,,4044,211,,,,,4043.5,0.0
2,84900,STRAWBERRIES,4042,271,,,,,4044,271,,,,,4043.0,0.0
2,85000,STRAWBERRIES,4042,182,,,,,4044,190,,,,,4043.0,0.0
2,85100,STRAWBERRIES,4042,225,,,,,4043,68,4044.0,157.0,,,4042.5,0.0
2,85200,STRAWBERRIES,4042,249,,,,,4044,249,,,,,4043.0,0.0
2,85300,STRAWBERRIES,4042,69,4041.0,111.0,,,4043,180,,,,,4042.5,0.0
2,85400,STRAWBERRIES,4041,217,,,,,4043,217,,,,,4042.0,0.0
2,85500,STRAWBERRIES,4042,220,,,,,4043,220,,,,,4042.5,0.0
2,85600,STRAWBERRIES,4042,273,,,,,4043,94,4044.0,179.0,,,4042.5,0.0
2,85700,STRAWBERRIES,4042,79,4041.0,181.0,,,4043,260,,,,,4042.5,0.0
2,85800,STRAWBERRIES,4041,228,,,,,4042,85,4043.0,143.0,,,4041.5,0.0
2,85900,STRAWBERRIES,4041,184,,,,,4043,184,,,,,4042.0,0.0
2,86000,STRAWBERRIES,4041,183,,,,,4043,183,,,,,4042.0,0.0
2,86100,STRAWBERRIES,4041,182,,,,,4043,182,,,,,4042.0,0.0
2,86200,STRAWBERRIES,4041,256,,,,,4042,256,,,,,4041.5,0.0
2,86300,STRAWBERRIES,4041,249,,,,,4042,84,4043.0,165.0,,,4041.5,0.0
2,86400,STRAWBERRIES,4041,76,4040.0,182.0,,,4042,258,,,,,4041.5,0.0
2,86500,STRAWBERRIES,4040,79,4039.0,146.0,,,4041,225,,,,,4040.5,0.0
2,86600,STRAWBERRIES,4039,277,,,,,4040,96,4041.0,181.0,,,4039.5,0.0
2,86700,STRAWBERRIES,4039,246,,,,,4041,246,,,,,4040.0,0.0
2,86800,STRAWBERRIES,4039,228,,,,,4041,228,,,,,4040.0,0.0
2,86900,STRAWBERRIES,4040,220,,,,,4041,220,,,,,4040.5,0.0
2,87000,STRAWBERRIES,4040,190,,,,,4041,61,4042.0,129.0,,,4040.5,0.0
2,87100,STRAWBERRIES,4040,181,,,,,4042,181,,,,,4041.0,0.0
2,87200,STRAWBERRIES,4040,281,,,,,4042,277,,,,,4041.0,0.0
2,87300,STRAWBERRIES,4040,180,,,,,4041,66,4042.0,125.0,,,4040.5,0.0
2,87400,STRAWBERRIES,4040,247,,,,,4042,247,,,,,4041.0,0.0
2,87500,STRAWBERRIES,4040,259,,,,,4042,259,,,,,4041.0,0.0
2,87600,STRAWBERRIES,4040,273,,,,,4042,273,,,,,4041.0,0.0
2,87700,STRAWBERRIES,4040,259,,,,,4042,259,,,,,4041.0,0.0
2,87800,STRAWBERRIES,4040,228,,,,,4042,228,,,,,4041.0,0.0
2,87900,STRAWBERRIES,4041,60,4040.0,193.0,,,4042,253,,,,,4041.5,0.0
2,88000,STRAWBERRIES,4040,232,,,,,4042,235,,,,,4041.0,0.0
2,88100,STRAWBERRIES,4040,228,,,,,4042,228,,,,,4041.0,0.0
2,88200,STRAWBERRIES,4040,259,,,,,4042,259,,,,,4041.0,0.0
2,88300,STRAWBERRIES,4041,172,,,,,4042,57,4043.0,115.0,,,4041.5,0.0
2,88400,STRAWBERRIES,4041,255,,,,,4043,255,,,,,4042.0,0.0
2,88500,STRAWBERRIES,4041,193,,,,,4043,193,,,,,4042.0,0.0
2,88600,STRAWBERRIES,4041,208,,,,,4042,64,4043.0,147.0,,,4041.5,0.0
2,88700,STRAWBERRIES,4041,279,,,,,4042,279,,,,,4041.5,0.0
2,88800,STRAWBERRIES,4041,213,,,,,4043,206,,,,,4042.0,0.0
2,88900,STRAWBERRIES,4041,270,,,,,4043,270,,,,,4042.0,0.0
2,89000,STRAWBERRIES,4041,184,,,,,4043,184,,,,,4042.0,0.0
2,89100,STRAWBERRIES,4042,231,,,,,4043,231,,,,,4042.5,0.0
2,89200,STRAWBERRIES,4042,198,,,,,4043,70,4044.0,128.0,,,4042.5,0.0
2,89300,STRAWBERRIES,4042,88,4041.0,103.0,,,4043,191,,,,,4042.5,0.0
2,89400,STRAWBERRIES,4042,54,4041.0,166.0,,,4043,220,,,,,4042.5,0.0
2,89500,STRAWBERRIES,4042,203,,,,,4043,66,4044.0,137.0,,,4042.5,0.0
2,89600,STRAWBERRIES,4041,254,,,,,4043,251,,,,,4042.0,0.0
2,89700,STRAWBERRIES,4041,180,,,,,4043,180,,,,,4042.0,0.0
2,89800,STRAWBERRIES,4041,230,,,,,4043,230,,,,,4042.0,0.0
2,89900,STRAWBERRIES,4042,231,,,,,4044,231,,,,,4043.0,0.0
2,90000,STRAWBERRIES,4043,258,,,,,4044,258,,,,,4043.5,0.0
2,90100,STRAWBERRIES,4043,60,4042.0,172.0,,,4044,232,,,,,4043.5,0.0
2,90200,STRAWBERRIES,4042,212,,,,,4043,94,4044.0,126.0,,,4042.5,0.0
2,90300,STRAWBERRIES,4042,209,,,,,4044,209,,,,,4043.0,0.0
2,90400,STRAWBERRIES,4043,77,4042.0,142.0,,,4044,219,,,,,4043.5,0.0
2,90500,STRAWBERRIES,4043,65,4042.0,198.0,,,4044,270,,,,,4043.5,0.0
2,90600,STRAWBERRIES,4042,172,,,,,4044,172,,,,,4043.0,0.0
2,90700,STRAWBERRIES,4042,221,,,,,4043,69,4044.0,156.0,,,4042.5,0.0
2,90800,STRAWBERRIES,4042,186,,,,,4044,186,,,,,4043.0,0.0
2,90900,STRAWBERRIES,4043,244,,,,,4044,244,,,,,4043.5,0.0
2,91000,STRAWBERRIES,4042,165,,,,,4044,165,,,,,4043.0,0.0
2,91100,STRAWBERRIES,4042,213,,,,,4043,67,4044.0,146.0,,,4042.5,0.0
2,91200,STRAWBERRIES,4042,171,,,,,4043,72,4044.0,111.0,,,4042.5,0.0
2,91300,STRAWBERRIES,4042,235,,,,,4044,235,,,,,4043.0,0.0
2,91400,STRAWBERRIES,4042,192,,,,,4044,192,,,,,4043.0,0.0
2,91500,STRAWBERRIES,4042,245,,,,,4043,63,4044.0,182.0,,,4042.5,0.0
2,91600,STRAWBERRIES,4042,228,,,,,4044,228,,,,,4043.0,0.0
2,91700,STRAWBERRIES,4042,205,,,,,4043,94,4044.0,111.0,,,4042.5,0.0
2,91800,STRAWBERRIES,4042,11,4041.0,170.0,,,4043,170,,,,,4042.5,0.0
2,91900,STRAWBERRIES,4042,50,4041.0,153.0,,,4043,203,,,,,4042.5,0.0
2,92000,STRAWBERRIES,4041,173,,,,,4043,173,,,,,4042.0,0.0
2,92100,STRAWBERRIES,4042,204,,,,,4043,71,4044.0,133.0,,,4042.5,0.0
2,92200,STRAWBERRIES,4042,244,,,,,4043,62,4044.0,182.0,,,4042.5,0.0
2,92300,STRAWBERRIES,4041,237,,,,,4043,237,,,,,4042.0,0.0
2,92400,STRAWBERRIES,4041,169,,,,,4043,169,,,,,4042.0,0.0
2,92500,STRAWBERRIES,4041,98,4040.0,192.0,,,4042,290,,,,,4041.5,0.0
2,92600,STRAWBERRIES,4041,82,4040.0,127.0,,,4042,209,,,,,4041.5,0.0
2,92700,STRAWBERRIES,4041,209,,,,,4042,56,4043.0,153.0,,,4041.5,0.0
2,92800,STRAWBERRIES,4041,281,,,,,4043,276,,,,,4042.0,0.0
2,92900,STRAWBERRIES,4041,190,,,,,4043,190,,,,,4042.0,0.0
2,93000,STRAWBERRIES,4041,63,4040.0,122.0,,,4042,185,,,,,4041.5,0.0
2,93100,STRAWBERRIES,4041,262,,,,,4042,262,,,,,4041.5,0.0
2,93200,STRAWBERRIES,4041,181,,,,,4043,181,,,,,4042.0,0.0
2,93300,STRAWBERRIES,4042,244,,,,,4043,244,,,,,4042.5,0.0
2,93400,STRAWBERRIES,4042,233,,,,,4043,87,4044.0,146.0,,,4042.5,0.0
2,93500,STRAWBERRIES,4042,225,,,,,4043,72,4044.0,153.0,,,4042.5,0.0
2,93600,STRAWBERRIES,4042,198,,,,,4043,78,4044.0,120.0,,,4042.5,0.0
2,93700,STRAWBERRIES,4042,276,,,,,4043,276,,,,,4042.5,0.0
2,93800,STRAWBERRIES,4042,240,,,,,4043,94,4044.0,146.0,,,4042.5,0.0
2,93900,STRAWBERRIES,4042,55,4041.0,141.0,,,4043,206,,,,,4042.5,0.0
2,94000,STRAWBERRIES,4042,237,,,,,4043,237,,,,,4042.5,0.0
2,94100,STRAWBERRIES,4042,212,,,,,4043,212,,,,,4042.5,0.0
2,94200,STRAWBERRIES,4042,50,4041.0,157.0,,,4043,207,,,,,4042.5,0.0
2,94300,STRAWBERRIES,4042,78,4041.0,115.0,,,4043,193,,,,,4042.5,0.0
2,94400,STRAWBERRIES,4042,53,4041.0,176.0,,,4043,229,,,,,4042.5,0.0
2,94500,STRAWBERRIES,4042,253,,,,,4043,253,,,,,4042.5,0.0
2,94600,STRAWBERRIES,4041,241,,,,,4043,241,,,,,4042.0,0.0
2,94700,STRAWBERRIES,4042,91,4041.0,123.0,,,4043,214,,,,,4042.5,0.0
2,94800,STRAWBERRIES,4041,188,,,,,4043,188,,,,,4042.0,0.0
2,94900,STRAWBERRIES,4041,184,,,,,4043,184,,,,,4042.0,0.0
2,95000,STRAWBERRIES,4041,213,,,,,4043,213,,,,,4042.0,0.0
2,95100,STRAWBERRIES,4042,72,4041.0,166.0,,,4043,238,,,,,4042.5,0.0
2,95200,STRAWBERRIES,4042,217,,,,,4043,217,,,,,4042.5,0.0
2,95300,STRAWBERRIES,4042,85,4041.0,189.0,,,4043,274,,,,,4042.5,0.0
2,95400,STRAWBERRIES,4042,245,,,,,4043,93,4044.0,152.0,,,4042.5,0.0
2,95500,STRAWBERRIES,4042,271,,,,,4044,271,,,,,4043.0,0.0
2,95600,STRAWBERRIES,4042,56,4041.0,107.0,,,4043,163,,,,,4042.5,0.0
2,95700,STRAWBERRIES,4042,265,,,,,4043,265,,,,,4042.5,0.0
2,95800,STRAWBERRIES,4042,232,,,,,4043,53,4044.0,179.0,,,4042.5,0.0
2,95900,STRAWBERRIES,4042,220,,,,,4044,220,,,,,4043.0,0.0
2,96000,STRAWBERRIES,4042,252,,,,,4043,98,4044.0,154.0,,,4042.5,0.0
2,96100,STRAWBERRIES,4041,243,,,,,4043,243,,,,,4042.0,0.0
2,96200,STRAWBERRIES,4042,65,4041.0,102.0,,,4043,167,,,,,4042.5,0.0
2,96300,STRAWBERRIES,4042,247,,,,,4043,58,4044.0,189.0,,,4042.5,0.0
2,96400,STRAWBERRIES,4042,237,,,,,4043,237,,,,,4042.5,0.0
2,96500,STRAWBERRIES,4042,79,4041.0,182.0,,,4043,261,,,,,4042.5,0.0
2,96600,STRAWBERRIES,4041,252,,,,,4043,252,,,,,4042.0,0.0
2,96700,STRAWBERRIES,4042,73,4041.0,169.0,,,4043,242,,,,,4042.5,0.0
2,96800,STRAWBERRIES,4041,219,,,,,4043,219,,,,,4042.0,0.0
2,96900,STRAWBERRIES,4041,262,,,,,4043,262,,,,,4042.0,0.0
2,97000,STRAWBERRIES,4041,251,,,,,4043,251,,,,,4042.0,0.0
2,97100,STRAWBERRIES,4041,199,,,,,4043,199,,,,,4042.0,0.0
2,97200,STRAWBERRIES,4041,224,,,,,4043,224,,,,,4042.0,0.0
2,97300,STRAWBERRIES,4042,175,,,,,4043,175,,,,,4042.5,0.0
2,97400,STRAWBERRIES,4042,222,,,,,4043,77,4044.0,145.0,,,4042.5,0.0
2,97500,STRAWBERRIES,4043,253,,,,,4044,253,,,,,4043.5,0.0
2,97600,STRAWBERRIES,4043,221,,,,,4044,99,4045.0,122.0,,,4043.5,0.0
2,97700,STRAWBERRIES,4043,276,,,,,4045,276,,,,,4044.0,0.0
2,97800,STRAWBERRIES,4043,217,,,,,4045,217,,,,,4044.0,0.0
2,97900,STRAWBERRIES,4044,248,,,,,4045,248,,,,,4044.5,0.0
2,98000,STRAWBERRIES,4044,179,,,,,4045,179,,,,,4044.5,0.0
2,98100,STRAWBERRIES,4044,89,4043.0,167.0,,,4045,256,,,,,4044.5,0.0
2,98200,STRAWBERRIES,4044,230,,,,,4046,230,,,,,4045.0,0.0
2,98300,STRAWBERRIES,4044,206,,,,,4046,206,,,,,4045.0,0.0
2,98400,STRAWBERRIES,4044,215,,,,,4045,56,4046.0,159.0,,,4044.5,0.0
2,98500,STRAWBERRIES,4044,236,,,,,4045,66,4046.0,170.0,,,4044.5,0.0
2,98600,STRAWBERRIES,4044,226,,,,,4046,226,,,,,4045.0,0.0
2,98700,STRAWBERRIES,4044,213,,,,,4045,213,,,,,4044.5,0.0
2,98800,STRAWBERRIES,4044,209,,,,,4045,85,4046.0,124.0,,,4044.5,0.0
2,98900,STRAWBERRIES,4044,290,,,,,4045,98,4046.0,192.0,,,4044.5,0.0
2,99000,STRAWBERRIES,4044,248,,,,,4045,61,4046.0,181.0,,,4044.5,0.0
2,99100,STRAWBERRIES,4045,90,4044.0,144.0,,,4046,234,,,,,4045.5,0.0
2,99200,STRAWBERRIES,4044,201,,,,,4046,201,,,,,4045.0,0.0
2,99300,STRAWBERRIES,4044,274,,,,,4045,78,4046.0,200.0,,,4044.5,0.0
2,99400,STRAWBERRIES,4043,233,,,,,4045,233,,,,,4044.0,0.0
2,99500,STRAWBERRIES,4043,261,,,,,4044,261,,,,,4043.5,0.0
2,99600,STRAWBERRIES,4043,260,,,,,4044,250,,,,,4043.5,0.0
2,99700,STRAWBERRIES,4043,232,,,,,4044,66,4045.0,166.0,,,4043.5,0.0
2,99800,STRAWBERRIES,4043,51,4042.0,166.0,,,4044,217,,,,,4043.5,0.0
2,99900,STRAWBERRIES,4042,175,,,,,4044,175,,,,,4043.0,0.0
2,100000,STRAWBERRIES,4042,173,,,,,4044,173,,,,,4043.0,0.0
2,100100,STRAWBERRIES,4042,257,,,,,4044,257,,,,,4043.0,0.0
2,100200,STRAWBERRIES,4042,226,,,,,4044,226,,,,,4043.0,0.0
2,100300,STRAWBERRIES,4042,189,,,,,4044,189,,,,,4043.0,0.0
2,100400,STRAWBERRIES,4043,83,4042.0,174.0,,,4044,257,,,,,4043.5,0.0
2,100500,STRAWBERRIES,4043,54,4042.0,177.0,,,4044,231,,,,,4043.5,0.0
2,100600,STRAWBERRIES,4043,194,,,,,4045,194,,,,,4044.0,0.0
2,100700,STRAWBERRIES,4043,226,,,,,4045,226,,,,,4044.0,0.0
2,100800,STRAWBERRIES,4044,256,,,,,4045,256,,,,,4044.5,0.0
2,100900,STRAWBERRIES,4043,233,,,,,4045,233,,,,,4044.0,0.0
2,101000,STRAWBERRIES,4043,229,,,,,4045,229,,,,,4044.0,0.0
2,101100,STRAWBERRIES,4043,207,,,,,4045,207,,,,,4044.0,0.0
2,101200,STRAWBERRIES,4044,266,,,,,4045,266,,,,,4044.5,0.0
2,101300,STRAWBERRIES,4044,199,,,,,4045,199,,,,,4044.5,0.0
2,101400,STRAWBERRIES,4043,185,,,,,4045,185,,,,,4044.0,0.0
2,101500,STRAWBERRIES,4043,155,,,,,4045,155,,,,,4044.0,0.0
2,101600,STRAWBERRIES,4043,213,,,,,4044,213,,,,,4043.5,0.0
2,101700,STRAWBERRIES,4043,272,,,,,4044,78,4045.0,194.0,,,4043.5,0.0
2,101800,STRAWBERRIES,4043,204,,,,,4044,51,4045.0,153.0,,,4043.5,0.0
2,101900,STRAWBERRIES,4043,169,,,,,4045,169,,,,,4044.0,0.0
2,102000,STRAWBERRIES,4044,199,,,,,4046,199,,,,,4045.0,0.0
2,102100,STRAWBERRIES,4044,261,,,,,4046,261,,,,,4045.0,0.0
2,102200,STRAWBERRIES,4044,99,4043.0,142.0,,,4045,241,,,,,4044.5,0.0
2,102300,STRAWBERRIES,4043,229,,,,,4045,229,,,,,4044.0,0.0
2,102400,STRAWBERRIES,4043,227,,,,,4044,81,4045.0,146.0,,,4043.5,0.0
2,102500,STRAWBERRIES,4043,96,4042.0,175.0,,,4044,271,,,,,4043.5,0.0
2,102600,STRAWBERRIES,4043,189,,,,,4044,189,,,,,4043.5,0.0
2,102700,STRAWBERRIES,4043,216,,,,,4044,50,4045.0,166.0,,,4043.5,0.0
2,102800,STRAWBERRIES,4043,222,,,,,4045,222,,,,,4044.0,0.0
2,102900,STRAWBERRIES,4043,230,,,,,4045,230,,,,,4044.0,0.0
2,103000,STRAWBERRIES,4044,253,,,,,4045,82,4046.0,171.0,,,4044.5,0.0
2,103100,STRAWBERRIES,4044,230,,,,,4045,8,4046.0,230.0,,,4044.5,0.0
2,103200,STRAWBERRIES,4044,182,,,,,4046,182,,,,,4045.0,0.0
2,103300,STRAWBERRIES,4044,249,,,,,4046,249,,,,,4045.0,0.0
2,103400,STRAWBERRIES,4044,290,,,,,4046,290,,,,,4045.0,0.0
2,103500,STRAWBERRIES,4044,190,,,,,4045,190,,,,,4044.5,0.0
2,103600,STRAWBERRIES,4044,252,,,,,4046,252,,,,,4045.0,0.0
2,103700,STRAWBERRIES,4044,185,,,,,4045,61,4046.0,115.0,,,4044.5,0.0
2,103800,STRAWBERRIES,4044,87,4043.0,165.0,,,4045,252,,,,,4044.5,0.0
2,103900,STRAWBERRIES,4044,64,4043.0,134.0,,,4045,198,,,,,4044.5,0.0
2,104000,STRAWBERRIES,4044,205,,,,,4045,205,,,,,4044.5,0.0
2,104100,STRAWBERRIES,4044,87,4043.0,193.0,,,4045,273,,,,,4044.5,0.0
2,104200,STRAWBERRIES,4043,267,,,,,4045,267,,,,,4044.0,0.0
2,104300,STRAWBERRIES,4044,98,4043.0,119.0,,,4045,217,,,,,4044.5,0.0
2,104400,STRAWBERRIES,4044,208,,,,,4046,208,,,,,4045.0,0.0
2,104500,STRAWBERRIES,4045,93,4044.0,147.0,,,4046,240,,,,,4045.5,0.0
2,104600,STRAWBERRIES,4045,82,4044.0,119.0,,,4046,194,,,,,4045.5,0.0
2,104700,STRAWBERRIES,4044,241,,,,,4046,241,,,,,4045.0,0.0
2,104800,STRAWBERRIES,4045,249,,,,,4046,249,,,,,4045.5,0.0
2,104900,STRAWBERRIES,4044,199,,,,,4046,199,,,,,4045.0,0.0
2,105000,STRAWBERRIES,4044,188,,,,,4045,77,4046.0,111.0,,,4044.5,0.0
2,105100,STRAWBERRIES,4044,255,,,,,4045,70,4046.0,185.0,,,4044.5,0.0
2,105200,STRAWBERRIES,4045,71,4044.0,114.0,,,4046,185,,,,,4045.5,0.0
2,105300,STRAWBERRIES,4045,180,,,,,4046,180,,,,,4045.5,0.0
2,105400,STRAWBERRIES,4045,219,,,,,4046,52,4047.0,167.0,,,4045.5,0.0
2,105500,STRAWBERRIES,4045,211,,,,,4046,56,4047.0,155.0,,,4045.5,0.0
2,105600,STRAWBERRIES,4044,196,,,,,4046,196,,,,,4045.0,0.0
2,105700,STRAWBERRIES,4044,266,,,,,4045,266,,,,,4044.5,0.0
2,105800,STRAWBERRIES,4044,56,4043.0,148.0,,,4045,204,,,,,4044.5,0.0
2,105900,STRAWBERRIES,4044,198,,,,,4045,198,,,,,4044.5,0.0
2,106000,STRAWBERRIES,4044,260,,,,,4045,66,4046.0,194.0,,,4044.5,0.0
2,106100,STRAWBERRIES,4044,81,4043.0,113.0,,,4045,194,,,,,4044.5,0.0
2,106200,STRAWBERRIES,4043,92,4042.0,124.0,,,4044,210,,,,,4043.5,0.0
2,106300,STRAWBERRIES,4043,190,,,,,4045,190,,,,,4044.0,0.0
2,106400,STRAWBERRIES,4043,261,,,,,4044,261,,,,,4043.5,0.0
2,106500,STRAWBERRIES,4043,253,,,,,4044,253,,,,,4043.5,0.0
2,106600,STRAWBERRIES,4042,287,,,,,4044,287,,,,,4043.0,0.0
2,106700,STRAWBERRIES,4042,227,,,,,4043,227,,,,,4042.5,0.0
2,106800,STRAWBERRIES,4042,92,4041.0,121.0,,,4043,213,,,,,4042.5,0.0
2,106900,STRAWBERRIES,4042,213,,,,,4043,70,4044.0,135.0,,,4042.5,0.0
2,107000,STRAWBERRIES,4042,272,,,,,4043,77,4044.0,199.0,,,4042.5,0.0
2,107100,STRAWBERRIES,4042,212,,,,,4043,212,,,,,4042.5,0.0
2,107200,STRAWBERRIES,4041,189,,,,,4043,189,,,,,4042.0,0.0
2,107300,STRAWBERRIES,4042,270,,,,,4044,270,,,,,4043.0,0.0
2,107400,STRAWBERRIES,4042,274,,,,,4044,274,,,,,4043.0,0.0
2,107500,STRAWBERRIES,4042,236,,,,,4043,236,,,,,4042.5,0.0
2,107600,STRAWBERRIES,4041,243,,,,,4043,243,,,,,4042.0,0.0
2,107700,STRAWBERRIES,4041,64,4040.0,192.0,,,4042,256,,,,,4041.5,0.0
2,107800,STRAWBERRIES,4041,258,,,,,4042,64,4043.0,194.0,,,4041.5,0.0
2,107900,STRAWBERRIES,4041,276,,,,,4042,100,4043.0,176.0,,,4041.5,0.0
2,108000,STRAWBERRIES,4041,189,,,,,4043,178,,,,,4042.0,0.0
2,108100,STRAWBERRIES,4042,196,,,,,4043,88,4044.0,108.0,,,4042.5,0.0
2,108200,STRAWBERRIES,4043,79,4042.0,160.0,,,4044,239,,,,,4043.5,0.0
2,108300,STRAWBERRIES,4043,228,,,,,4044,228,,,,,4043.5,0.0
2,108400,STRAWBERRIES,4043,198,,,,,4045,198,,,,,4044.0,0.0
2,108500,STRAWBERRIES,4043,276,,,,,4045,276,,,,,4044.0,0.0
2,108600,STRAWBERRIES,4044,71,4043.0,123.0,,,4045,194,,,,,4044.5,0.0
2,108700,STRAWBERRIES,4044,230,,,,,4045,230,,,,,4044.5,0.0
2,108800,STRAWBERRIES,4044,199,,,,,4045,87,4046.0,112.0,,,4044.5,0.0
2,108900,STRAWBERRIES,4044,88,4043.0,163.0,,,4045,251,,,,,4044.5,0.0
2,109000,STRAWBERRIES,4044,265,,,,,4045,95,4046.0,170.0,,,4044.5,0.0
2,109100,STRAWBERRIES,4043,170,,,,,4045,170,,,,,4044.0,0.0
2,109200,STRAWBERRIES,4043,225,,,,,4045,225,,,,,4044.0,0.0
2,109300,STRAWBERRIES,4043,157,,,,,4044,157,,,,,4043.5,0.0
2,109400,STRAWBERRIES,4043,284,,,,,4044,272,,,,,4043.5,0.0
2,109500,STRAWBERRIES,4042,251,,,,,4043,83,4044.0,168.0,,,4042.5,0.0
2,109600,STRAWBERRIES,4042,169,,,,,4043,51,4044.0,118.0,,,4042.5,0.0
2,109700,STRAWBERRIES,4042,280,,,,,4043,99,4044.0,181.0,,,4042.5,0.0
2,109800,STRAWBERRIES,4043,83,4042.0,125.0,,,4044,208,,,,,4043.5,0.0
2,109900,STRAWBERRIES,4042,161,,,,,4044,161,,,,,4043.0,0.0
2,110000,STRAWBERRIES,4043,97,4042.0,197.0,,,4044,294,,,,,4043.5,0.0
2,110100,STRAWBERRIES,4043,281,,,,,4044,281,,,,,4043.5,0.0
2,110200,STRAWBERRIES,4043,221,,,,,4044,221,,,,,4043.5,0.0
2,110300,STRAWBERRIES,4044,83,4043.0,182.0,,,4045,265,,,,,4044.5,0.0
2,110400,STRAWBERRIES,4044,57,4043.0,194.0,,,4045,251,,,,,4044.5,0.0
2,110500,STRAWBERRIES,4045,74,4044.0,141.0,,,4046,215,,,,,4045.5,0.0
2,110600,STRAWBERRIES,4044,195,,,,,4046,203,,,,,4045.0,0.0
2,110700,STRAWBERRIES,4044,215,,,,,4046,215,,,,,4045.0,0.0
2,110800,STRAWBERRIES,4045,261,,,,,4046,90,4047.0,171.0,,,4045.5,0.0
2,110900,STRAWBERRIES,4045,245,,,,,4046,100,4047.0,145.0,,,4045.5,0.0
2,111000,STRAWBERRIES,4045,256,,,,,4046,61,4047.0,195.0,,,4045.5,0.0
2,111100,STRAWBERRIES,4046,88,4045.0,156.0,,,4047,244,,,,,4046.5,0.0
2,111200,STRAWBERRIES,4045,203,,,,,4047,203,,,,,4046.0,0.0
2,111300,STRAWBERRIES,4046,215,,,,,4047,62,4048.0,153.0,,,4046.5,0.0
2,111400,STRAWBERRIES,4046,249,,,,,4047,249,,,,,4046.5,0.0
2,111500,STRAWBERRIES,4046,219,,,,,4047,65,4048.0,154.0,,,4046.5,0.0
2,111600,STRAWBERRIES,4046,257,,,,,4048,257,,,,,4047.0,0.0
2,111700,STRAWBERRIES,4046,187,,,,,4048,187,,,,,4047.0,0.0
2,111800,STRAWBERRIES,4046,239,,,,,4048,239,,,,,4047.0,0.0
2,111900,STRAWBERRIES,4047,72,4046.0,102.0,,,4048,174,,,,,4047.5,0.0
2,112000,STRAWBERRIES,4046,210,,,,,4048,210,,,,,4047.0,0.0
2,112100,STRAWBERRIES,4046,232,,,,,4048,232,,,,,4047.0,0.0
2,112200,STRAWBERRIES,4046,254,,,,,4047,254,,,,,4046.5,0.0
2,112300,STRAWBERRIES,4045,185,,,,,4047,185,,,,,4046.0,0.0
2,112400,STRAWBERRIES,4046,209,,,,,4048,209,,,,,4047.0,0.0
2,112500,STRAWBERRIES,4046,216,,,,,4047,59,4048.0,157.0,,,4046.5,0.0
2,112600,STRAWBERRIES,4046,160,,,,,4047,60,4048.0,100.0,,,4046.5,0.0
2,112700,STRAWBERRIES,4046,181,,,,,4047,71,4048.0,110.0,,,4046.5,0.0
2,112800,STRAWBERRIES,4046,210,,,,,4047,68,4048.0,142.0,,,4046.5,0.0
2,112900,STRAWBERRIES,4046,259,,,,,4048,259,,,,,4047.0,0.0
2,113000,STRAWBERRIES,4047,93,4046.0,104.0,,,4048,197,,,,,4047.5,0.0
2,113100,STRAWBERRIES,4047,53,4046.0,151.0,,,4048,204,,,,,4047.5,0.0
2,113200,STRAWBERRIES,4047,162,,,,,4048,162,,,,,4047.5,0.0
2,113300,STRAWBERRIES,4047,89,4046.0,133.0,,,4048,222,,,,,4047.5,0.0
2,113400,STRAWBERRIES,4047,224,,,,,4049,224,,,,,4048.0,0.0
2,113500,STRAWBERRIES,4048,91,4047.0,176.0,,,4049,267,,,,,4048.5,0.0
2,113600,STRAWBERRIES,4048,238,,,,,4049,238,,,,,4048.5,0.0
2,113700,STRAWBERRIES,4048,210,,,,,4049,72,4050.0,138.0,,,4048.5,0.0
2,113800,STRAWBERRIES,4048,223,,,,,4049,223,,,,,4048.5,0.0
2,113900,STRAWBERRIES,4048,180,,,,,4050,180,,,,,4049.0,0.0
2,114000,STRAWBERRIES,4048,171,,,,,4050,171,,,,,4049.0,0.0
2,114100,STRAWBERRIES,4049,87,4048.0,199.0,,,4050,286,,,,,4049.5,0.0
2,114200,STRAWBERRIES,4048,206,,,,,4050,206,,,,,4049.0,0.0
2,114300,STRAWBERRIES,4049,176,,,,,4050,176,,,,,4049.5,0.0
2,114400,STRAWBERRIES,4049,198,,,,,4050,192,,,,,4049.5,0.0
2,114500,STRAWBERRIES,4048,160,,,,,4050,160,,,,,4049.0,0.0
2,114600,STRAWBERRIES,4048,259,,,,,4050,259,,,,,4049.0,0.0
2,114700,STRAWBERRIES,4048,297,,,,,4049,97,4050.0,200.0,,,4048.5,0.0
2,114800,STRAWBERRIES,4048,240,,,,,4050,240,,,,,4049.0,0.0
2,114900,STRAWBERRIES,4048,213,,,,,4049,213,,,,,4048.5,0.0
2,115000,STRAWBERRIES,4048,222,,,,,4049,92,4050.0,130.0,,,4048.5,0.0
2,115100,STRAWBERRIES,4048,255,,,,,4050,255,,,,,4049.0,0.0
2,115200,STRAWBERRIES,4048,284,,,,,4050,284,,,,,4049.0,0.0
2,115300,STRAWBERRIES,4048,244,,,,,4050,244,,,,,4049.0,0.0
2,115400,STRAWBERRIES,4049,254,,,,,4050,254,,,,,4049.5,0.0
2,115500,STRAWBERRIES,4049,54,4048.0,103.0,,,4050,157,,,,,4049.5,0.0
2,115600,STRAWBERRIES,4049,250,,,,,4051,238,,,,,4050.0,0.0
2,115700,STRAWBERRIES,4050,81,4049.0,160.0,,,4051,241,,,,,4050.5,0.0
2,115800,STRAWBERRIES,4049,197,,,,,4050,197,,,,,4049.5,0.0
2,115900,STRAWBERRIES,4049,61,4048.0,141.0,,,4050,202,,,,,4049.5,0.0
2,116000,STRAWBERRIES,4048,227,,,,,4050,227,,,,,4049.0,0.0
2,116100,STRAWBERRIES,4047,264,,,,,4049,264,,,,,4048.0,0.0
2,116200,STRAWBERRIES,4048,207,,,,,4049,89,4050.0,118.0,,,4048.5,0.0
2,116300,STRAWBERRIES,4048,203,,,,,4050,203,,,,,4049.0,0.0
2,116400,STRAWBERRIES,4048,265,,,,,4049,265,,,,,4048.5,0.0
2,116500,STRAWBERRIES,4048,244,,,,,4050,244,,,,,4049.0,0.0
2,116600,STRAWBERRIES,4049,59,4048.0,131.0,,,4050,190,,,,,4049.5,0.0
2,116700,STRAWBERRIES,4049,75,4048.0,141.0,,,4050,216,,,,,4049.5,0.0
2,116800,STRAWBERRIES,4048,215,,,,,4049,215,,,,,4048.5,0.0
2,116900,STRAWBERRIES,4048,73,4047.0,162.0,,,4049,235,,,,,4048.5,0.0
2,117000,STRAWBERRIES,4047,190,,,,,4048,59,4049.0,131.0,,,4047.5,0.0
2,117100,STRAWBERRIES,4047,62,4046.0,142.0,,,4048,204,,,,,4047.5,0.0
2,117200,STRAWBERRIES,4045,235,,,,,4047,235,,,,,4046.0,0.0
2,117300,STRAWBERRIES,4045,252,,,,,4046,84,4047.0,168.0,,,4045.5,0.0
2,117400,STRAWBERRIES,4045,288,,,,,4046,288,,,,,4045.5,0.0
2,117500,STRAWBERRIES,4045,276,,,,,4047,276,,,,,4046.0,0.0
2,117600,STRAWBERRIES,4045,289,,,,,4047,289,,,,,4046.0,0.0
2,117700,STRAWBERRIES,4045,249,,,,,4046,249,,,,,4045.5,0.0
2,117800,STRAWBERRIES,4045,193,,,,,4046,193,,,,,4045.5,0.0
2,117900,STRAWBERRIES,4045,58,4044.0,122.0,,,4046,180,,,,,4045.5,0.0
2,118000,STRAWBERRIES,4044,169,,,,,4046,169,,,,,4045.0,0.0
2,118100,STRAWBERRIES,4044,283,,,,,4046,283,,,,,4045.0,0.0
2,118200,STRAWBERRIES,4044,188,,,,,4046,188,,,,,4045.0,0.0
2,118300,STRAWBERRIES,4044,235,,,,,4046,235,,,,,4045.0,0.0
2,118400,STRAWBERRIES,4044,286,,,,,4045,9,4046.0,286.0,,,4044.5,0.0
2,118500,STRAWBERRIES,4045,254,,,,,4046,254,,,,,4045.5,0.0
2,118600,STRAWBERRIES,4045,220,,,,,4047,220,,,,,4046.0,0.0
2,118700,STRAWBERRIES,4045,258,,,,,4047,258,,,,,4046.0,0.0
2,118800,STRAWBERRIES,4045,246,,,,,4046,246,,,,,4045.5,0.0
2,118900,STRAWBERRIES,4045,206,,,,,4046,206,,,,,4045.5,0.0
2,119000,STRAWBERRIES,4045,234,,,,,4046,95,4047.0,139.0,,,4045.5,0.0
2,119100,STRAWBERRIES,4045,278,,,,,4046,79,4047.0,199.0,,,4045.5,0.0
2,119200,STRAWBERRIES,4045,229,,,,,4047,229,,,,,4046.0,0.0
2,119300,STRAWBERRIES,4045,229,,,,,4046,229,,,,,4045.5,0.0
2,119400,STRAWBERRIES,4045,97,4044.0,127.0,,,4046,224,,,,,4045.5,0.0
2,119500,STRAWBERRIES,4045,262,,,,,4047,262,,,,,4046.0,0.0
2,119600,STRAWBERRIES,4045,202,,,,,4047,202,,,,,4046.0,0.0
2,119700,STRAWBERRIES,4045,218,,,,,4047,218,,,,,4046.0,0.0
2,119800,STRAWBERRIES,4045,224,,,,,4047,224,,,,,4046.0,0.0
2,119900,STRAWBERRIES,4045,260,,,,,4047,260,,,,,4046.0,0.0
2,120000,STRAWBERRIES,4045,254,,,,,4047,254,,,,,4046.0,0.0
2,120100,STRAWBERRIES,4045,215,,,,,4047,215,,,,,4046.0,0.0
2,120200,STRAWBERRIES,4045,236,,,,,4047,236,,,,,4046.0,0.0
2,120300,STRAWBERRIES,4045,241,,,,,4047,241,,,,,4046.0,0.0
2,120400,STRAWBERRIES,4045,213,,,,,4047,213,,,,,4046.0,0.0
2,120500,STRAWBERRIES,4045,287,,,,,4047,287,,,,,4046.0,0.0
2,120600,STRAWBERRIES,4045,215,,,,,4046,215,,,,,4045.5,0.0
2,120700,STRAWBERRIES,4045,207,,,,,4046,207,,,,,4045.5,0.0
2,120800,STRAWBERRIES,4045,85,4044.0,170.0,,,4046,255,,,,,4045.5,0.0
2,120900,STRAWBERRIES,4044,247,,,,,4046,247,,,,,4045.0,0.0
2,121000,STRAWBERRIES,4045,60,4044.0,148.0,,,4046,208,,,,,4045.5,0.0
2,121100,STRAWBERRIES,4044,237,,,,,4046,237,,,,,4045.0,0.0
2,121200,STRAWBERRIES,4044,84,4043.0,162.0,,,4045,246,,,,,4044.5,0.0
2,121300,STRAWBERRIES,4043,175,,,,,4044,175,,,,,4043.5,0.0
2,121400,STRAWBERRIES,4044,95,4043.0,101.0,,,4045,196,,,,,4044.5,0.0
2,121500,STRAWBERRIES,4044,89,4043.0,133.0,,,4045,222,,,,,4044.5,0.0
2,121600,STRAWBERRIES,4044,9,4043.0,245.0,,,4045,245,,,,,4044.5,0.0
2,121700,STRAWBERRIES,4043,201,,,,,4044,201,,,,,4043.5,0.0
2,121800,STRAWBERRIES,4043,198,,,,,4044,70,4045.0,128.0,,,4043.5,0.0
2,121900,STRAWBERRIES,4043,236,,,,,4044,236,,,,,4043.5,0.0
2,122000,STRAWBERRIES,4043,83,4042.0,136.0,,,4044,210,,,,,4043.5,0.0
2,122100,STRAWBERRIES,4043,222,,,,,4044,222,,,,,4043.5,0.0
2,122200,STRAWBERRIES,4043,68,4042.0,101.0,,,4044,169,,,,,4043.5,0.0
2,122300,STRAWBERRIES,4043,189,,,,,4044,77,4045.0,112.0,,,4043.5,0.0
2,122400,STRAWBERRIES,4043,245,,,,,4044,245,,,,,4043.5,0.0
2,122500,STRAWBERRIES,4043,87,4042.0,135.0,,,4044,222,,,,,4043.5,0.0
2,122600,STRAWBERRIES,4043,82,4042.0,197.0,,,4044,279,,,,,4043.5,0.0
2,122700,STRAWBERRIES,4043,99,4042.0,122.0,,,4044,221,,,,,4043.5,0.0
2,122800,STRAWBERRIES,4043,223,,,,,4044,223,,,,,4043.5,0.0
2,122900,STRAWBERRIES,4042,187,,,,,4043,7,4044.0,187.0,,,4042.5,0.0
2,123000,STRAWBERRIES,4043,272,,,,,4044,98,4045.0,164.0,,,4043.5,0.0
2,123100,STRAWBERRIES,4043,274,,,,,4045,274,,,,,4044.0,0.0
2,123200,STRAWBERRIES,4043,208,,,,,4045,208,,,,,4044.0,0.0
2,123300,STRAWBERRIES,4044,203,,,,,4045,58,4046.0,145.0,,,4044.5,0.0
2,123400,STRAWBERRIES,4044,200,,,,,4045,209,,,,,4044.5,0.0
2,123500,STRAWBERRIES,4043,153,,,,,4044,51,4045.0,102.0,,,4043.5,0.0
2,123600,STRAWBERRIES,4043,185,,,,,4045,185,,,,,4044.0,0.0
2,123700,STRAWBERRIES,4043,196,,,,,4044,86,4045.0,110.0,,,4043.5,0.0
2,123800,STRAWBERRIES,4044,219,,,,,4045,219,,,,,4044.5,0.0
2,123900,STRAWBERRIES,4044,267,,,,,4046,267,,,,,4045.0,0.0
2,124000,STRAWBERRIES,4044,246,,,,,4046,246,,,,,4045.0,0.0
2,124100,STRAWBERRIES,4043,219,,,,,4045,219,,,,,4044.0,0.0
2,124200,STRAWBERRIES,4043,288,,,,,4045,288,,,,,4044.0,0.0
2,124300,STRAWBERRIES,4043,185,,,,,4044,66,4045.0,119.0,,,4043.5,0.0
2,124400,STRAWBERRIES,4043,197,,,,,4045,197,,,,,4044.0,0.0
2,124500,STRAWBERRIES,4044,211,,,,,4046,211,,,,,4045.0,0.0
2,124600,STRAWBERRIES,4044,228,,,,,4046,228,,,,,4045.0,0.0
2,124700,STRAWBERRIES,4044,272,,,,,4045,76,4046.0,199.0,,,4044.5,0.0
2,124800,STRAWBERRIES,4044,253,,,,,4045,58,4046.0,195.0,,,4044.5,0.0
2,124900,STRAWBERRIES,4045,236,,,,,4046,236,,,,,4045.5,0.0
2,125000,STRAWBERRIES,4045,79,4044.0,185.0,,,4046,257,,,,,4045.5,0.0
2,125100,STRAWBERRIES,4044,187,,,,,4046,187,,,,,4045.0,0.0
2,125200,STRAWBERRIES,4044,207,,,,,4045,207,,,,,4044.5,0.0
2,125300,STRAWBERRIES,4043,200,,,,,4044,67,4045.0,133.0,,,4043.5,0.0
2,125400,STRAWBERRIES,4043,236,,,,,4044,236,,,,,4043.5,0.0
2,125500,STRAWBERRIES,4043,61,4042.0,161.0,,,4044,222,,,,,4043.5,0.0
2,125600,STRAWBERRIES,4043,79,4042.0,164.0,,,4044,243,,,,,4043.5,0.0
2,125700,STRAWBERRIES,4042,189,,,,,4044,189,,,,,4043.0,0.0
2,125800,STRAWBERRIES,4043,237,,,,,4044,93,4045.0,144.0,,,4043.5,0.0
2,125900,STRAWBERRIES,4043,181,,,,,4044,79,4045.0,102.0,,,4043.5,0.0
2,126000,STRAWBERRIES,4044,85,4043.0,186.0,,,4045,271,,,,,4044.5,0.0
2,126100,STRAWBERRIES,4044,237,,,,,4045,237,,,,,4044.5,0.0
2,126200,STRAWBERRIES,4044,231,,,,,4045,231,,,,,4044.5,0.0
2,126300,STRAWBERRIES,4043,245,,,,,4045,245,,,,,4044.0,0.0
2,126400,STRAWBERRIES,4043,203,,,,,4044,61,4045.0,142.0,,,4043.5,0.0
2,126500,STRAWBERRIES,4043,200,,,,,4045,200,,,,,4044.0,0.0
2,126600,STRAWBERRIES,4044,198,,,,,4045,192,,,,,4044.5,0.0
2,126700,STRAWBERRIES,4044,248,,,,,4046,248,,,,,4045.0,0.0
2,126800,STRAWBERRIES,4044,238,,,,,4046,238,,,,,4045.0,0.0
2,126900,STRAWBERRIES,4044,193,,,,,4046,193,,,,,4045.0,0.0
2,127000,STRAWBERRIES,4045,89,4044.0,119.0,,,4046,208,,,,,4045.5,0.0
2,127100,STRAWBERRIES,4045,221,,,,,4046,221,,,,,4045.5,0.0
2,127200,STRAWBERRIES,4045,196,,,,,4047,196,,,,,4046.0,0.0
2,127300,STRAWBERRIES,4045,280,,,,,4046,280,,,,,4045.5,0.0
2,127400,STRAWBERRIES,4045,99,4044.0,160.0,,,4046,259,,,,,4045.5,0.0
2,127500,STRAWBERRIES,4045,72,4044.0,198.0,,,4046,270,,,,,4045.5,0.0
2,127600,STRAWBERRIES,4045,94,4044.0,110.0,,,4046,204,,,,,4045.5,0.0
2,127700,STRAWBERRIES,4044,257,,,,,4046,257,,,,,4045.0,0.0
2,127800,STRAWBERRIES,4044,240,,,,,4045,240,,,,,4044.5,0.0
2,127900,STRAWBERRIES,4044,54,4043.0,157.0,,,4045,211,,,,,4044.5,0.0
2,128000,STRAWBERRIES,4044,249,,,,,4045,249,,,,,4044.5,0.0
2,128100,STRAWBERRIES,4044,41,4043.0,191.0,,,4045,243,,,,,4044.5,0.0
2,128200,STRAWBERRIES,4044,213,,,,,4045,60,4046.0,153.0,,,4044.5,0.0
2,128300,STRAWBERRIES,4044,191,,,,,4045,79,4046.0,112.0,,,4044.5,0.0
2,128400,STRAWBERRIES,4044,81,4043.0,144.0,,,4045,225,,,,,4044.5,0.0
2,128500,STRAWBERRIES,4044,99,4043.0,106.0,,,4045,205,,,,,4044.5,0.0
2,128600,STRAWBERRIES,4044,72,4043.0,110.0,,,4045,182,,,,,4044.5,0.0
2,128700,STRAWBERRIES,4044,86,4043.0,180.0,,,4045,266,,,,,4044.5,0.0
2,128800,STRAWBERRIES,4043,279,,,,,4045,279,,,,,4044.0,0.0
2,128900,STRAWBERRIES,4044,96,4043.0,150.0,,,4045,246,,,,,4044.5,0.0
2,129000,STRAWBERRIES,4044,215,,,,,4045,64,4046.0,151.0,,,4044.5,0.0
2,129100,STRAWBERRIES,4044,217,,,,,4045,217,,,,,4044.5,0.0
2,129200,STRAWBERRIES,4044,88,4043.0,122.0,,,4045,210,,,,,4044.5,0.0
2,129300,STRAWBERRIES,4043,181,,,,,4045,181,,,,,4044.0,0.0
2,129400,STRAWBERRIES,4044,233,,,,,4045,233,,,,,4044.5,0.0
2,129500,STRAWBERRIES,4044,80,4043.0,186.0,,,4045,266,,,,,4044.5,0.0
2,129600,STRAWBERRIES,4043,252,,,,,4045,252,,,,,4044.0,0.0
2,129700,STRAWBERRIES,4043,237,,,,,4044,77,4045.0,155.0,,,4043.5,0.0
2,129800,STRAWBERRIES,4042,223,,,,,4044,223,,,,,4043.0,0.0
2,129900,STRAWBERRIES,4043,55,4042.0,102.0,,,4044,157,,,,,4043.5,0.0
2,130000,STRAWBERRIES,4042,207,,,,,4043,55,4044.0,152.0,,,4042.5,0.0
2,130100,STRAWBERRIES,4042,297,,,,,4043,98,4044.0,199.0,,,4042.5,0.0
2,130200,STRAWBERRIES,4042,258,,,,,4043,258,,,,,4042.5,0.0
2,130300,STRAWBERRIES,4042,238,,,,,4044,238,,,,,4043.0,0.0
2,130400,STRAWBERRIES,4042,212,,,,,4044,212,,,,,4043.0,0.0
2,130500,STRAWBERRIES,4042,257,,,,,4043,86,4044.0,171.0,,,4042.5,0.0
2,130600,STRAWBERRIES,4041,198,,,,,4043,198,,,,,4042.0,0.0
2,130700,STRAWBERRIES,4041,189,,,,,4043,189,,,,,4042.0,0.0
2,130800,STRAWBERRIES,4041,272,,,,,4042,98,4043.0,174.0,,,4041.5,0.0
2,130900,STRAWBERRIES,4042,226,,,,,4043,226,,,,,4042.5,0.0
2,131000,STRAWBERRIES,4042,190,,,,,4044,190,,,,,4043.0,0.0
2,131100,STRAWBERRIES,4043,241,,,,,4044,241,,,,,4043.5,0.0
2,131200,STRAWBERRIES,4043,252,,,,,4044,70,4045.0,182.0,,,4043.5,0.0
2,131300,STRAWBERRIES,4043,206,,,,,4045,206,,,,,4044.0,0.0
2,131400,STRAWBERRIES,4043,195,,,,,4044,71,4045.0,124.0,,,4043.5,0.0
2,131500,STRAWBERRIES,4043,290,,,,,4045,290,,,,,4044.0,0.0
2,131600,STRAWBERRIES,4043,257,,,,,4045,257,,,,,4044.0,0.0
2,131700,STRAWBERRIES,4043,281,,,,,4044,281,,,,,4043.5,0.0
2,131800,STRAWBERRIES,4042,191,,,,,4043,12,4044.0,191.0,,,4042.5,0.0
2,131900,STRAWBERRIES,4043,255,,,,,4044,255,,,,,4043.5,0.0
2,132000,STRAWBERRIES,4043,62,4042.0,130.0,,,4044,192,,,,,4043.5,0.0
2,132100,STRAWBERRIES,4042,261,,,,,4044,261,,,,,4043.0,0.0
2,132200,STRAWBERRIES,4042,199,,,,,4043,96,4044.0,103.0,,,4042.5,0.0
2,132300,STRAWBERRIES,4042,233,,,,,4043,65,4044.0,168.0,,,4042.5,0.0
2,132400,STRAWBERRIES,4042,80,4041.0,147.0,,,4043,218,,,,,4042.5,0.0
2,132500,STRAWBERRIES,4042,223,,,,,4043,223,,,,,4042.5,0.0
2,132600,STRAWBERRIES,4042,181,,,,,4044,181,,,,,4043.0,0.0
2,132700,STRAWBERRIES,4042,187,,,,,4043,58,4044.0,129.0,,,4042.5,0.0
2,132800,STRAWBERRIES,4042,179,,,,,4044,179,,,,,4043.0,0.0
2,132900,STRAWBERRIES,4043,95,4042.0,191.0,,,4044,286,,,,,4043.5,0.0
2,133000,STRAWBERRIES,4043,294,,,,,4044,294,,,,,4043.5,0.0
2,133100,STRAWBERRIES,4043,211,,,,,4044,211,,,,,4043.5,0.0
2,133200,STRAWBERRIES,4043,233,,,,,4044,233,,,,,4043.5,0.0
2,133300,STRAWBERRIES,4043,224,,,,,4044,224,,,,,4043.5,0.0
2,133400,STRAWBERRIES,4043,182,,,,,4045,182,,,,,4044.0,0.0
2,133500,STRAWBERRIES,4043,202,,,,,4044,202,,,,,4043.5,0.0
2,133600,STRAWBERRIES,4043,194,,,,,4044,194,,,,,4043.5,0.0
2,133700,STRAWBERRIES,4043,79,4042.0,194.0,,,4044,273,,,,,4043.5,0.0
2,133800,STRAWBERRIES,4042,247,,,,,4044,247,,,,,4043.0,0.0
2,133900,STRAWBERRIES,4042,179,,,,,4043,179,,,,,4042.5,0.0
2,134000,STRAWBERRIES,4042,213,,,,,4043,220,,,,,4042.5,0.0
2,134100,STRAWBERRIES,4042,244,,,,,4043,51,4044.0,193.0,,,4042.5,0.0
2,134200,STRAWBERRIES,4041,244,,,,,4043,244,,,,,4042.0,0.0
2,134300,STRAWBERRIES,4042,242,,,,,4043,242,,,,,4042.5,0.0
2,134400,STRAWBERRIES,4042,97,4041.0,102.0,,,4043,199,,,,,4042.5,0.0
2,134500,STRAWBERRIES,4041,204,,,,,4043,204,,,,,4042.0,0.0
2,134600,STRAWBERRIES,4042,88,4041.0,136.0,,,4043,224,,,,,4042.5,0.0
2,134700,STRAWBERRIES,4042,243,,,,,4043,243,,,,,4042.5,0.0
2,134800,STRAWBERRIES,4042,64,4041.0,189.0,,,4043,263,,,,,4042.5,0.0
2,134900,STRAWBERRIES,4041,73,4040.0,179.0,,,4042,243,,,,,4041.5,0.0
2,135000,STRAWBERRIES,4039,190,,,,,4041,190,,,,,4040.0,0.0
2,135100,STRAWBERRIES,4039,251,,,,,4041,251,,,,,4040.0,0.0
2,135200,STRAWBERRIES,4039,256,,,,,4040,60,4041.0,196.0,,,4039.5,0.0
2,135300,STRAWBERRIES,4039,278,,,,,4040,278,,,,,4039.5,0.0
2,135400,STRAWBERRIES,4039,265,,,,,4040,265,,,,,4039.5,0.0
2,135500,STRAWBERRIES,4039,216,,,,,4040,216,,,,,4039.5,0.0
2,135600,STRAWBERRIES,4039,75,4038.0,188.0,,,4040,263,,,,,4039.5,0.0
2,135700,STRAWBERRIES,4039,245,,,,,4040,245,,,,,4039.5,0.0
2,135800,STRAWBERRIES,4039,200,,,,,4040,212,,,,,4039.5,0.0
2,135900,STRAWBERRIES,4038,178,,,,,4040,178,,,,,4039.0,0.0
2,136000,STRAWBERRIES,4038,197,,,,,4040,197,,,,,4039.0,0.0
2,136100,STRAWBERRIES,4038,219,,,,,4040,219,,,,,4039.0,0.0
2,136200,STRAWBERRIES,4039,99,4038.0,104.0,,,4040,203,,,,,4039.5,0.0
2,136300,STRAWBERRIES,4039,95,4038.0,135.0,,,4040,230,,,,,4039.5,0.0
2,136400,STRAWBERRIES,4038,218,,,,,4040,218,,,,,4039.0,0.0
2,136500,STRAWBERRIES,4039,49,4038.0,112.0,,,4040,170,,,,,4039.5,0.0
2,136600,STRAWBERRIES,4039,188,,,,,4040,188,,,,,4039.5,0.0
2,136700,STRAWBERRIES,4039,8,4038.0,248.0,,,4040,248,,,,,4039.5,0.0
2,136800,STRAWBERRIES,4039,275,,,,,4041,275,,,,,4040.0,0.0
2,136900,STRAWBERRIES,4039,214,,,,,4040,214,,,,,4039.5,0.0
2,137000,STRAWBERRIES,4039,82,4038.0,137.0,,,4040,212,,,,,4039.5,0.0
2,137100,STRAWBERRIES,4039,72,4038.0,178.0,,,4040,250,,,,,4039.5,0.0
2,137200,STRAWBERRIES,4039,73,4038.0,180.0,,,4040,253,,,,,4039.5,0.0
2,137300,STRAWBERRIES,4039,258,,,,,4041,258,,,,,4040.0,0.0
2,137400,STRAWBERRIES,4039,233,,,,,4040,233,,,,,4039.5,0.0
2,137500,STRAWBERRIES,4039,272,,,,,4041,272,,,,,4040.0,0.0
2,137600,STRAWBERRIES,4039,195,,,,,4041,195,,,,,4040.0,0.0
2,137700,STRAWBERRIES,4039,53,4038.0,156.0,,,4040,209,,,,,4039.5,0.0
2,137800,STRAWBERRIES,4039,185,,,,,4040,185,,,,,4039.5,0.0
2,137900,STRAWBERRIES,4039,209,,,,,4040,97,4041.0,112.0,,,4039.5,0.0
2,138000,STRAWBERRIES,4039,205,,,,,4040,74,4041.0,131.0,,,4039.5,0.0
2,138100,STRAWBERRIES,4039,259,,,,,4041,259,,,,,4040.0,0.0
2,138200,STRAWBERRIES,4039,203,,,,,4040,203,,,,,4039.5,0.0
2,138300,STRAWBERRIES,4039,96,4038.0,145.0,,,4040,241,,,,,4039.5,0.0
2,138400,STRAWBERRIES,4039,242,,,,,4040,65,4041.0,177.0,,,4039.5,0.0
2,138500,STRAWBERRIES,4039,99,4038.0,198.0,,,4040,297,,,,,4039.5,0.0
2,138600,STRAWBERRIES,4038,190,,,,,4040,190,,,,,4039.0,0.0
2,138700,STRAWBERRIES,4038,261,,,,,4040,261,,,,,4039.0,0.0
2,138800,STRAWBERRIES,4039,205,,,,,4040,216,,,,,4039.5,0.0
2,138900,STRAWBERRIES,4039,212,,,,,4040,212,,,,,4039.5,0.0
2,139000,STRAWBERRIES,4039,196,,,,,4040,61,4041.0,135.0,,,4039.5,0.0
2,139100,STRAWBERRIES,4039,89,4038.0,153.0,,,4040,242,,,,,4039.5,0.0
2,139200,STRAWBERRIES,4038,193,,,,,4040,193,,,,,4039.0,0.0
2,139300,STRAWBERRIES,4039,60,4038.0,153.0,,,4040,213,,,,,4039.5,0.0
2,139400,STRAWBERRIES,4039,250,,,,,4040,243,,,,,4039.5,0.0
2,139500,STRAWBERRIES,4038,220,,,,,4040,220,,,,,4039.0,0.0
2,139600,STRAWBERRIES,4039,271,,,,,4040,89,4041.0,182.0,,,4039.5,0.0
2,139700,STRAWBERRIES,4039,203,,,,,4041,203,,,,,4040.0,0.0
2,139800,STRAWBERRIES,4039,186,,,,,4040,186,,,,,4039.5,0.0
2,139900,STRAWBERRIES,4039,207,,,,,4040,207,,,,,4039.5,0.0
2,140000,STRAWBERRIES,4039,244,,,,,4041,244,,,,,4040.0,0.0
2,140100,STRAWBERRIES,4040,76,4039.0,111.0,,,4041,187,,,,,4040.5,0.0
2,140200,STRAWBERRIES,4039,208,,,,,4041,208,,,,,4040.0,0.0
2,140300,STRAWBERRIES,4040,56,4039.0,183.0,,,4041,239,,,,,4040.5,0.0
2,140400,STRAWBERRIES,4039,238,,,,,4041,238,,,,,4040.0,0.0
2,140500,STRAWBERRIES,4039,288,,,,,4041,288,,,,,4040.0,0.0
2,140600,STRAWBERRIES,4040,92,4039.0,134.0,,,4041,226,,,,,4040.5,0.0
2,140700,STRAWBERRIES,4040,241,,,,,4041,56,4042.0,185.0,,,4040.5,0.0
2,140800,STRAWBERRIES,4040,235,,,,,4041,232,,,,,4040.5,0.0
2,140900,STRAWBERRIES,4040,276,,,,,4041,86,4042.0,190.0,,,4040.5,0.0
2,141000,STRAWBERRIES,4040,192,,,,,4041,188,,,,,4040.5,0.0
2,141100,STRAWBERRIES,4040,187,,,,,4041,187,,,,,4040.5,0.0
2,141200,STRAWBERRIES,4040,92,4039.0,190.0,,,4041,278,,,,,4040.5,0.0
2,141300,STRAWBERRIES,4040,213,,,,,4041,69,4042.0,144.0,,,4040.5,0.0
2,141400,STRAWBERRIES,4040,187,,,,,4042,187,,,,,4041.0,0.0
2,141500,STRAWBERRIES,4040,236,,,,,4041,236,,,,,4040.5,0.0
2,141600,STRAWBERRIES,4040,230,,,,,4041,94,4042.0,136.0,,,4040.5,0.0
2,141700,STRAWBERRIES,4040,276,,,,,4042,276,,,,,4041.0,0.0
2,141800,STRAWBERRIES,4040,242,,,,,4042,249,,,,,4041.0,0.0
2,141900,STRAWBERRIES,4040,187,,,,,4042,187,,,,,4041.0,0.0
2,142000,STRAWBERRIES,4040,216,,,,,4042,216,,,,,4041.0,0.0
2,142100,STRAWBERRIES,4041,94,4040.0,124.0,,,4042,218,,,,,4041.5,0.0
2,142200,STRAWBERRIES,4041,258,,,,,4042,98,4043.0,160.0,,,4041.5,0.0
2,142300,STRAWBERRIES,4041,282,,,,,4043,282,,,,,4042.0,0.0
2,142400,STRAWBERRIES,4041,176,,,,,4043,176,,,,,4042.0,0.0
2,142500,STRAWBERRIES,4041,190,,,,,4043,190,,,,,4042.0,0.0
2,142600,STRAWBERRIES,4041,206,,,,,4043,206,,,,,4042.0,0.0
2,142700,STRAWBERRIES,4042,84,4041.0,134.0,,,4043,218,,,,,4042.5,0.0
2,142800,STRAWBERRIES,4042,207,,,,,4043,207,,,,,4042.5,0.0
2,142900,STRAWBERRIES,4041,198,,,,,4043,198,,,,,4042.0,0.0
2,143000,STRAWBERRIES,4042,170,,,,,4044,170,,,,,4043.0,0.0
2,143100,STRAWBERRIES,4043,3,4042.0,223.0,,,4044,223,,,,,4043.5,0.0
2,143200,STRAWBERRIES,4042,199,,,,,4044,199,,,,,4043.0,0.0
2,143300,STRAWBERRIES,4042,229,,,,,4044,229,,,,,4043.0,0.0
2,143400,STRAWBERRIES,4043,82,4042.0,184.0,,,4044,266,,,,,4043.5,0.0
2,143500,STRAWBERRIES,4042,165,,,,,4044,165,,,,,4043.0,0.0
2,143600,STRAWBERRIES,4042,224,,,,,4044,233,,,,,4043.0,0.0
2,143700,STRAWBERRIES,4042,86,4041.0,119.0,,,4043,205,,,,,4042.5,0.0
2,143800,STRAWBERRIES,4042,74,4041.0,195.0,,,4043,269,,,,,4042.5,0.0
2,143900,STRAWBERRIES,4042,97,4041.0,156.0,,,4043,253,,,,,4042.5,0.0
2,144000,STRAWBERRIES,4042,209,,,,,4043,209,,,,,4042.5,0.0
2,144100,STRAWBERRIES,4042,214,,,,,4043,100,4044.0,114.0,,,4042.5,0.0
2,144200,STRAWBERRIES,4042,80,4041.0,185.0,,,4043,265,,,,,4042.5,0.0
2,144300,STRAWBERRIES,4041,238,,,,,4042,54,4043.0,184.0,,,4041.5,0.0
2,144400,STRAWBERRIES,4041,168,,,,,4042,168,,,,,4041.5,0.0
2,144500,STRAWBERRIES,4041,50,4040.0,128.0,,,4042,178,,,,,4041.5,0.0
2,144600,STRAWBERRIES,4041,261,,,,,4042,70,4043.0,191.0,,,4041.5,0.0
2,144700,STRAWBERRIES,4040,249,,,,,4042,249,,,,,4041.0,0.0
2,144800,STRAWBERRIES,4040,206,,,,,4042,206,,,,,4041.0,0.0
2,144900,STRAWBERRIES,4039,233,,,,,4041,233,,,,,4040.0,0.0
2,145000,STRAWBERRIES,4039,211,,,,,4041,211,,,,,4040.0,0.0
2,145100,STRAWBERRIES,4039,249,,,,,4041,249,,,,,4040.0,0.0
2,145200,STRAWBERRIES,4040,230,,,,,4041,230,,,,,4040.5,0.0
2,145300,STRAWBERRIES,4039,259,,,,,4041,259,,,,,4040.0,0.0
2,145400,STRAWBERRIES,4039,284,,,,,4040,97,4041.0,187.0,,,4039.5,0.0
2,145500,STRAWBERRIES,4038,291,,,,,4040,291,,,,,4039.0,0.0
2,145600,STRAWBERRIES,4039,230,,,,,4040,230,,,,,4039.5,0.0
2,145700,STRAWBERRIES,4039,240,,,,,4040,240,,,,,4039.5,0.0
2,145800,STRAWBERRIES,4038,188,,,,,4040,188,,,,,4039.0,0.0
2,145900,STRAWBERRIES,4038,218,,,,,4039,6,4040.0,218.0,,,4038.5,0.0
2,146000,STRAWBERRIES,4038,191,,,,,4040,191,,,,,4039.0,0.0
2,146100,STRAWBERRIES,4038,192,,,,,4040,192,,,,,4039.0,0.0
2,146200,STRAWBERRIES,4038,205,,,,,4040,205,,,,,4039.0,0.0
2,146300,STRAWBERRIES,4038,284,,,,,4039,284,,,,,4038.5,0.0
2,146400,STRAWBERRIES,4038,56,4037.0,147.0,,,4039,203,,,,,4038.5,0.0
2,146500,STRAWBERRIES,4037,189,,,,,4039,189,,,,,4038.0,0.0
2,146600,STRAWBERRIES,4037,195,,,,,4038,195,,,,,4037.5,0.0
2,146700,STRAWBERRIES,4037,78,4036.0,107.0,,,4038,177,,,,,4037.5,0.0
2,146800,STRAWBERRIES,4037,262,,,,,4039,262,,,,,4038.0,0.0
2,146900,STRAWBERRIES,4038,93,4037.0,154.0,,,4039,247,,,,,4038.5,0.0
2,147000,STRAWBERRIES,4038,201,,,,,4039,55,4040.0,146.0,,,4038.5,0.0
2,147100,STRAWBERRIES,4038,243,,,,,4039,243,,,,,4038.5,0.0
2,147200,STRAWBERRIES,4038,89,4037.0,168.0,,,4039,257,,,,,4038.5,0.0
2,147300,STRAWBERRIES,4038,257,,,,,4039,96,4040.0,161.0,,,4038.5,0.0
2,147400,STRAWBERRIES,4038,249,,,,,4039,52,4040.0,197.0,,,4038.5,0.0
2,147500,STRAWBERRIES,4038,260,,,,,4040,260,,,,,4039.0,0.0
2,147600,STRAWBERRIES,4039,86,4038.0,186.0,,,4040,272,,,,,4039.5,0.0
2,147700,STRAWBERRIES,4038,196,,,,,4040,196,,,,,4039.0,0.0
2,147800,STRAWBERRIES,4039,60,4038.0,177.0,,,4040,237,,,,,4039.5,0.0
2,147900,STRAWBERRIES,4038,258,,,,,4040,258,,,,,4039.0,0.0
2,148000,STRAWBERRIES,4038,214,,,,,4040,214,,,,,4039.0,0.0
2,148100,STRAWBERRIES,4039,90,4038.0,116.0,,,4040,206,,,,,4039.5,0.0
2,148200,STRAWBERRIES,4038,195,,,,,4040,195,,,,,4039.0,0.0
2,148300,STRAWBERRIES,4038,83,4037.0,165.0,,,4039,248,,,,,4038.5,0.0
2,148400,STRAWBERRIES,4038,183,,,,,4039,61,4040.0,122.0,,,4038.5,0.0
2,148500,STRAWBERRIES,4039,216,,,,,4040,216,,,,,4039.5,0.0
2,148600,STRAWBERRIES,4039,222,,,,,4040,222,,,,,4039.5,0.0
2,148700,STRAWBERRIES,4039,191,,,,,4040,78,4041.0,113.0,,,4039.5,0.0
2,148800,STRAWBERRIES,4039,204,,,,,4040,59,4041.0,145.0,,,4039.5,0.0
2,148900,STRAWBERRIES,4038,173,,,,,4040,173,,,,,4039.0,0.0
2,149000,STRAWBERRIES,4039,198,,,,,4040,198,,,,,4039.5,0.0
2,149100,STRAWBERRIES,4039,98,4038.0,160.0,,,4040,258,,,,,4039.5,0.0
2,149200,STRAWBERRIES,4039,219,,,,,4040,92,4041.0,127.0,,,4039.5,0.0
2,149300,STRAWBERRIES,4039,184,,,,,4041,184,,,,,4040.0,0.0
2,149400,STRAWBERRIES,4039,216,,,,,4040,216,,,,,4039.5,0.0
2,149500,STRAWBERRIES,4039,212,,,,,4041,212,,,,,4040.0,0.0
2,149600,STRAWBERRIES,4039,281,,,,,4041,281,,,,,4040.0,0.0
2,149700,STRAWBERRIES,4039,262,,,,,4040,61,4041.0,198.0,,,4039.5,0.0
2,149800,STRAWBERRIES,4038,211,,,,,4040,211,,,,,4039.0,0.0
2,149900,STRAWBERRIES,4038,263,,,,,4039,76,4040.0,187.0,,,4038.5,0.0
2,150000,STRAWBERRIES,4038,59,4037.0,134.0,,,4039,193,,,,,4038.5,0.0
2,150100,STRAWBERRIES,4037,243,,,,,4039,243,,,,,4038.0,0.0
2,150200,STRAWBERRIES,4037,82,4036.0,167.0,,,4038,249,,,,,4037.5,0.0
2,150300,STRAWBERRIES,4037,229,,,,,4038,70,4039.0,159.0,,,4037.5,0.0
2,150400,STRAWBERRIES,4037,263,,,,,4039,263,,,,,4038.0,0.0
2,150500,STRAWBERRIES,4038,92,4037.0,120.0,,,4039,212,,,,,4038.5,0.0
2,150600,STRAWBERRIES,4038,270,,,,,4039,77,4040.0,193.0,,,4038.5,0.0
2,150700,STRAWBERRIES,4038,226,,,,,4040,226,,,,,4039.0,0.0
2,150800,STRAWBERRIES,4038,236,,,,,4040,239,,,,,4039.0,0.0
2,150900,STRAWBERRIES,4038,192,,,,,4039,192,,,,,4038.5,0.0
2,151000,STRAWBERRIES,4038,237,,,,,4039,237,,,,,4038.5,0.0
2,151100,STRAWBERRIES,4038,57,4037.0,164.0,,,4039,221,,,,,4038.5,0.0
2,151200,STRAWBERRIES,4037,209,,,,,4039,209,,,,,4038.0,0.0
2,151300,STRAWBERRIES,4038,58,4037.0,190.0,,,4039,248,,,,,4038.5,0.0
2,151400,STRAWBERRIES,4038,204,,,,,4039,207,,,,,4038.5,0.0
2,151500,STRAWBERRIES,4038,244,,,,,4039,244,,,,,4038.5,0.0
2,151600,STRAWBERRIES,4038,236,,,,,4039,236,,,,,4038.5,0.0
2,151700,STRAWBERRIES,4038,240,,,,,4039,240,,,,,4038.5,0.0
2,151800,STRAWBERRIES,4038,234,,,,,4039,91,4040.0,143.0,,,4038.5,0.0
2,151900,STRAWBERRIES,4038,230,,,,,4040,230,,,,,4039.0,0.0
2,152000,STRAWBERRIES,4038,184,,,,,4039,184,,,,,4038.5,0.0
2,152100,STRAWBERRIES,4038,204,,,,,4039,204,,,,,4038.5,0.0
2,152200,STRAWBERRIES,4038,195,,,,,4040,195,,,,,4039.0,0.0
2,152300,STRAWBERRIES,4038,292,,,,,4040,292,,,,,4039.0,0.0
2,152400,STRAWBERRIES,4038,235,,,,,4039,235,,,,,4038.5,0.0
2,152500,STRAWBERRIES,4037,196,,,,,4039,196,,,,,4038.0,0.0
2,152600,STRAWBERRIES,4037,275,,,,,4038,94,4039.0,181.0,,,4037.5,0.0
2,152700,STRAWBERRIES,4037,70,4036.0,177.0,,,4038,247,,,,,4037.5,0.0
2,152800,STRAWBERRIES,4036,276,,,,,4038,276,,,,,4037.0,0.0
2,152900,STRAWBERRIES,4037,5,4036.0,161.0,,,4038,161,,,,,4037.5,0.0
2,153000,STRAWBERRIES,4036,187,,,,,4038,187,,,,,4037.0,0.0
2,153100,STRAWBERRIES,4037,89,4036.0,100.0,,,4038,198,,,,,4037.5,0.0
2,153200,STRAWBERRIES,4036,166,,,,,4038,171,,,,,4037.0,0.0
2,153300,STRAWBERRIES,4035,232,,,,,4037,232,,,,,4036.0,0.0
2,153400,STRAWBERRIES,4036,198,,,,,4037,198,,,,,4036.5,0.0
2,153500,STRAWBERRIES,4035,247,,,,,4037,247,,,,,4036.0,0.0
2,153600,STRAWBERRIES,4035,185,,,,,4036,58,4037.0,127.0,,,4035.5,0.0
2,153700,STRAWBERRIES,4034,156,,,,,4036,156,,,,,4035.0,0.0
2,153800,STRAWBERRIES,4035,269,,,,,4036,96,4037.0,173.0,,,4035.5,0.0
2,153900,STRAWBERRIES,4035,94,4034.0,127.0,,,4036,221,,,,,4035.5,0.0
2,154000,STRAWBERRIES,4035,170,,,,,4037,170,,,,,4036.0,0.0
2,154100,STRAWBERRIES,4035,181,,,,,4036,10,4037.0,181.0,,,4035.5,0.0
2,154200,STRAWBERRIES,4036,272,,,,,4037,272,,,,,4036.5,0.0
2,154300,STRAWBERRIES,4036,244,,,,,4037,244,,,,,4036.5,0.0
2,154400,STRAWBERRIES,4035,215,,,,,4037,215,,,,,4036.0,0.0
2,154500,STRAWBERRIES,4035,278,,,,,4037,278,,,,,4036.0,0.0
2,154600,STRAWBERRIES,4035,255,,,,,4036,12,4037.0,255.0,,,4035.5,0.0
2,154700,STRAWBERRIES,4036,233,,,,,4037,233,,,,,4036.5,0.0
2,154800,STRAWBERRIES,4036,269,,,,,4038,269,,,,,4037.0,0.0
2,154900,STRAWBERRIES,4036,238,,,,,4037,238,,,,,4036.5,0.0
2,155000,STRAWBERRIES,4035,273,,,,,4036,78,4037.0,195.0,,,4035.5,0.0
2,155100,STRAWBERRIES,4035,234,,,,,4037,234,,,,,4036.0,0.0
2,155200,STRAWBERRIES,4035,241,,,,,4036,241,,,,,4035.5,0.0
2,155300,STRAWBERRIES,4034,264,,,,,4036,264,,,,,4035.0,0.0
2,155400,STRAWBERRIES,4034,240,,,,,4036,240,,,,,4035.0,0.0
2,155500,STRAWBERRIES,4034,214,,,,,4035,60,4036.0,154.0,,,4034.5,0.0
2,155600,STRAWBERRIES,4034,222,,,,,4036,222,,,,,4035.0,0.0
2,155700,STRAWBERRIES,4034,239,,,,,4036,239,,,,,4035.0,0.0
2,155800,STRAWBERRIES,4035,50,4034.0,134.0,,,4036,184,,,,,4035.5,0.0
2,155900,STRAWBERRIES,4035,248,,,,,4037,248,,,,,4036.0,0.0
2,156000,STRAWBERRIES,4035,207,,,,,4037,207,,,,,4036.0,0.0
2,156100,STRAWBERRIES,4035,215,,,,,4036,78,4037.0,137.0,,,4035.5,0.0
2,156200,STRAWBERRIES,4035,53,4034.0,184.0,,,4036,237,,,,,4035.5,0.0
2,156300,STRAWBERRIES,4035,176,,,,,4036,69,4037.0,107.0,,,4035.5,0.0
2,156400,STRAWBERRIES,4035,194,,,,,4037,194,,,,,4036.0,0.0
2,156500,STRAWBERRIES,4035,261,,,,,4036,94,4037.0,167.0,,,4035.5,0.0
2,156600,STRAWBERRIES,4035,71,4034.0,173.0,,,4036,255,,,,,4035.5,0.0
2,156700,STRAWBERRIES,4035,215,,,,,4036,61,4037.0,154.0,,,4035.5,0.0
2,156800,STRAWBERRIES,4035,212,,,,,4037,212,,,,,4036.0,0.0
2,156900,STRAWBERRIES,4035,260,,,,,4037,260,,,,,4036.0,0.0
2,157000,STRAWBERRIES,4035,58,4034.0,193.0,,,4036,251,,,,,4035.5,0.0
2,157100,STRAWBERRIES,4034,234,,,,,4036,234,,,,,4035.0,0.0
2,157200,STRAWBERRIES,4035,220,,,,,4036,97,4037.0,123.0,,,4035.5,0.0
2,157300,STRAWBERRIES,4036,271,,,,,4037,271,,,,,4036.5,0.0
2,157400,STRAWBERRIES,4035,278,,,,,4037,278,,,,,4036.0,0.0
2,157500,STRAWBERRIES,4035,187,,,,,4036,82,4037.0,105.0,,,4035.5,0.0
2,157600,STRAWBERRIES,4036,93,4035.0,146.0,,,4037,239,,,,,4036.5,0.0
2,157700,STRAWBERRIES,4036,201,,,,,4037,59,4038.0,142.0,,,4036.5,0.0
2,157800,STRAWBERRIES,4036,241,,,,,4037,100,4038.0,145.0,,,4036.5,0.0
2,157900,STRAWBERRIES,4036,208,,,,,4038,208,,,,,4037.0,0.0
2,158000,STRAWBERRIES,4037,66,4036.0,159.0,,,4038,225,,,,,4037.5,0.0
2,158100,STRAWBERRIES,4036,243,,,,,4038,243,,,,,4037.0,0.0
2,158200,STRAWBERRIES,4036,235,,,,,4038,235,,,,,4037.0,0.0
2,158300,STRAWBERRIES,4036,266,,,,,4037,97,4038.0,169.0,,,4036.5,0.0
2,158400,STRAWBERRIES,4036,97,4035.0,114.0,,,4037,211,,,,,4036.5,0.0
2,158500,STRAWBERRIES,4037,51,4036.0,180.0,,,4038,231,,,,,4037.5,0.0
2,158600,STRAWBERRIES,4037,73,4036.0,112.0,,,4038,185,,,,,4037.5,0.0
2,158700,STRAWBERRIES,4036,267,,,,,4038,267,,,,,4037.0,0.0
2,158800,STRAWBERRIES,4036,286,,,,,4037,8,4038.0,286.0,,,4036.5,0.0
2,158900,STRAWBERRIES,4037,77,4036.0,114.0,,,4038,191,,,,,4037.5,0.0
2,159000,STRAWBERRIES,4036,212,,,,,4038,212,,,,,4037.0,0.0
2,159100,STRAWBERRIES,4037,84,4036.0,177.0,,,4038,261,,,,,4037.5,0.0
