day,timestamp,product,bid_price_1,bid_volume_1,bid_price_2,bid_volume_2,bid_price_3,bid_volume_3,ask_price_1,ask_volume_1,ask_price_2,ask_volume_2,ask_price_3,ask_volume_3,mid_price,profit_and_loss
0,0,STRAWBERRIES,3999,210,,,,,4001,210,,,,,4000.0,0.0
0,100,STRAWBERRIES,3999,265,,,,,4000,265,,,,,3999.5,0.0
0,200,STRAWBERRIES,3999,282,,,,,4000,282,,,,,3999.5,0.0
0,300,STRAWBERRIES,3999,218,,,,,4000,218,,,,,3999.5,0.0
0,400,STRAWBERRIES,3999,79,3998.0,190.0,,,4000,269,,,,,3999.5,0.0
0,500,STRAWBERRIES,3999,163,,,,,4000,163,,,,,3999.5,0.0
0,600,STRAWBERRIES,3999,232,,,,,4000,69,4001.0,163.0,,,3999.5,0.0
0,700,STRAWBERRIES,3999,260,,,,,4000,74,4001.0,186.0,,,3999.5,0.0
0,800,STRAWBERRIES,3999,59,3998.0,136.0,,,4000,195,,,,,3999.5,0.0
0,900,STRAWBERRIES,3999,168,,,,,4000,168,,,,,3999.5,0.0
0,1000,STRAWBERRIES,3999,67,3998.0,175.0,,,4000,242,,,,,3999.5,0.0
0,1100,STRAWBERRIES,3999,215,,,,,4000,99,4001.0,116.0,,,3999.5,0.0
0,1200,STRAWBERRIES,3999,258,,,,,4000,258,,,,,3999.5,0.0
0,1300,STRAWBERRIES,3999,177,,,,,4001,177,,,,,4000.0,0.0
0,1400,STRAWBERRIES,3999,99,3998.0,128.0,,,4000,227,,,,,3999.5,0.0
0,1500,STRAWBERRIES,3999,195,,,,,4001,195,,,,,4000.0,0.0
0,1600,STRAWBERRIES,3999,288,,,,,4000,89,4001.0,199.0,,,3999.5,0.0
0,1700,STRAWBERRIES,3999,196,,,,,4000,196,,,,,3999.5,0.0
0,1800,STRAWBERRIES,3999,250,,,,,4000,78,4001.0,172.0,,,3999.5,0.0
0,1900,STRAWBERRIES,4000,199,,,,,4001,199,,,,,4000.5,0.0
0,2000,STRAWBERRIES,4000,172,,,,,4001,172,,,,,4000.5,0.0
0,2100,STRAWBERRIES,4000,279,,,,,4001,279,,,,,4000.5,0.0
0,2200,STRAWBERRIES,3999,192,,,,,4000,50,4001.0,142.0,,,3999.5,0.0
0,2300,STRAWBERRIES,3999,251,,,,,4001,251,,,,,4000.0,0.0
0,2400,STRAWBERRIES,3999,221,,,,,4001,221,,,,,4000.0,0.0
0,2500,STRAWBERRIES,4000,71,3999.0,118.0,,,4001,189,,,,,4000.5,0.0
0,2600,STRAWBERRIES,4000,239,,,,,4002,239,,,,,4001.0,0.0
0,2700,STRAWBERRIES,4000,83,3999.0,187.0,,,4001,270,,,,,4000.5,0.0
0,2800,STRAWBERRIES,3999,226,,,,,4001,226,,,,,4000.0,0.0
0,2900,STRAWBERRIES,4000,194,,,,,4001,194,,,,,4000.5,0.0
0,3000,STRAWBERRIES,4000,193,,,,,4002,193,,,,,4001.0,0.0
0,3100,STRAWBERRIES,4001,81,4000.0,141.0,,,4002,222,,,,,4001.5,0.0
0,3200,STRAWBERRIES,4000,236,,,,,4002,236,,,,,4001.0,0.0
0,3300,STRAWBERRIES,4000,249,,,,,4001,249,,,,,4000.5,0.0
0,3400,STRAWBERRIES,4000,83,3999.0,195.0,,,4001,278,,,,,4000.5,0.0
0,3500,STRAWBERRIES,4000,55,3999.0,114.0,,,4001,176,,,,,4000.5,0.0
0,3600,STRAWBERRIES,4000,238,,,,,4001,230,,,,,4000.5,0.0
0,3700,STRAWBERRIES,4000,180,,,,,4001,180,,,,,4000.5,0.0
0,3800,STRAWBERRIES,4000,168,,,,,4001,50,4002.0,118.0,,,4000.5,0.0
0,3900,STRAWBERRIES,4000,215,,,,,4001,95,4002.0,120.0,,,4000.5,0.0
0,4000,STRAWBERRIES,4000,238,,,,,4001,238,,,,,4000.5,0.0
0,4100,STRAWBERRIES,4000,223,,,,,4001,223,,,,,4000.5,0.0
0,4200,STRAWBERRIES,3999,200,,,,,4000,94,4001.0,106.0,,,3999.5,0.0
0,4300,STRAWBERRIES,3999,170,,,,,4000,170,,,,,3999.5,0.0
0,4400,STRAWBERRIES,3999,257,,,,,4000,75,4001.0,182.0,,,3999.5,0.0
0,4500,STRAWBERRIES,3999,174,,,,,4001,174,,,,,4000.0,0.0
0,4600,STRAWBERRIES,4000,77,3999.0,157.0,,,4001,234,,,,,4000.5,0.0
0,4700,STRAWBERRIES,3999,270,,,,,4000,83,4001.0,187.0,,,3999.5,0.0
0,4800,STRAWBERRIES,4000,12,3999.0,252.0,,,4001,252,,,,,4000.5,0.0
0,4900,STRAWBERRIES,3999,192,,,,,4000,64,4001.0,128.0,,,3999.5,0.0
0,5000,STRAWBERRIES,3999,264,,,,,4001,264,,,,,4000.0,0.0
0,5100,STRAWBERRIES,3998,203,,,,,4000,203,,,,,3999.0,0.0
0,5200,STRAWBERRIES,3998,276,,,,,4000,276,,,,,3999.0,0.0
0,5300,STRAWBERRIES,3998,250,,,,,3999,67,4000.0,177.0,,,3998.5,0.0
0,5400,STRAWBERRIES,3997,207,,,,,3999,207,,,,,3998.0,0.0
0,5500,STRAWBERRIES,3997,265,,,,,3998,94,3999.0,171.0,,,3997.5,0.0
0,5600,STRAWBERRIES,3998,260,,,,,3999,268,,,,,3998.5,0.0
0,5700,STRAWBERRIES,3998,230,,,,,4000,230,,,,,3999.0,0.0
0,5800,STRAWBERRIES,3998,196,,,,,4000,196,,,,,3999.0,0.0
0,5900,STRAWBERRIES,3998,267,,,,,3999,95,4000.0,172.0,,,3998.5,0.0
0,6000,STRAWBERRIES,3998,215,,,,,3999,215,,,,,3998.5,0.0
0,6100,STRAWBERRIES,3998,229,,,,,3999,229,,,,,3998.5,0.0
0,6200,STRAWBERRIES,3999,92,3998.0,185.0,,,4000,277,,,,,3999.5,0.0
0,6300,STRAWBERRIES,3999,211,,,,,4000,211,,,,,3999.5,0.0
0,6400,STRAWBERRIES,3999,261,,,,,4001,256,,,,,4000.0,0.0
0,6500,STRAWBERRIES,3999,232,,,,,4000,65,4001.0,167.0,,,3999.5,0.0
0,6600,STRAWBERRIES,3999,162,,,,,4000,53,4001.0,109.0,,,3999.5,0.0
0,6700,STRAWBERRIES,3999,156,,,,,4001,156,,,,,4000.0,0.0
0,6800,STRAWBERRIES,3999,290,,,,,4001,290,,,,,4000.0,0.0
0,6900,STRAWBERRIES,3999,212,,,,,4001,212,,,,,4000.0,0.0
0,7000,STRAWBERRIES,3999,245,,,,,4001,245,,,,,4000.0,0.0
0,7100,STRAWBERRIES,3999,187,,,,,4001,187,,,,,4000.0,0.0
0,7200,STRAWBERRIES,3999,234,,,,,4000,234,,,,,3999.5,0.0
0,7300,STRAWBERRIES,3999,242,,,,,4001,242,,,,,4000.0,0.0
0,7400,STRAWBERRIES,3999,271,,,,,4001,271,,,,,4000.0,0.0
0,7500,STRAWBERRIES,4000,81,3999.0,195.0,,,4001,276,,,,,4000.5,0.0
0,7600,STRAWBERRIES,4000,92,3999.0,115.0,,,4001,207,,,,,4000.5,0.0
0,7700,STRAWBERRIES,4000,11,3999.0,266.0,,,4001,266,,,,,4000.5,0.0
0,7800,STRAWBERRIES,3999,185,,,,,4001,185,,,,,4000.0,0.0
0,7900,STRAWBERRIES,4000,98,3999.0,186.0,,,4001,276,,,,,4000.5,0.0
0,8000,STRAWBERRIES,4000,216,,,,,4001,97,4002.0,119.0,,,4000.5,0.0
0,8100,STRAWBERRIES,4000,177,,,,,4002,177,,,,,4001.0,0.0
0,8200,STRAWBERRIES,4000,177,,,,,4002,177,,,,,4001.0,0.0
0,8300,STRAWBERRIES,4001,174,,,,,4002,174,,,,,4001.5,0.0
0,8400,STRAWBERRIES,4001,224,,,,,4003,224,,,,,4002.0,0.0
0,8500,STRAWBERRIES,4001,217,,,,,4003,217,,,,,4002.0,0.0
0,8600,STRAWBERRIES,4002,266,,,,,4003,266,,,,,4002.5,0.0
0,8700,STRAWBERRIES,4002,203,,,,,4003,203,,,,,4002.5,0.0
0,8800,STRAWBERRIES,4002,274,,,,,4003,274,,,,,4002.5,0.0
0,8900,STRAWBERRIES,4002,226,,,,,4004,226,,,,,4003.0,0.0
0,9000,STRAWBERRIES,4002,174,,,,,4004,174,,,,,4003.0,0.0
0,9100,STRAWBERRIES,4002,91,4001.0,151.0,,,4003,242,,,,,4002.5,0.0
0,9200,STRAWBERRIES,4002,89,4001.0,150.0,,,4003,239,,,,,4002.5,0.0
0,9300,STRAWBERRIES,4002,69,4001.0,126.0,,,4003,195,,,,,4002.5,0.0
0,9400,STRAWBERRIES,4002,226,,,,,4004,226,,,,,4003.0,0.0
0,9500,STRAWBERRIES,4002,267,,,,,4003,80,4004.0,187.0,,,4002.5,0.0
0,9600,STRAWBERRIES,4002,85,4001.0,114.0,,,4003,199,,,,,4002.5,0.0
0,9700,STRAWBERRIES,4002,234,,,,,4004,234,,,,,4003.0,0.0
0,9800,STRAWBERRIES,4002,232,,,,,4004,232,,,,,4003.0,0.0
0,9900,STRAWBERRIES,4003,63,4002.0,158.0,,,4004,221,,,,,4003.5,0.0
0,10000,STRAWBERRIES,4003,63,4002.0,146.0,,,4004,209,,,,,4003.5,0.0
0,10100,STRAWBERRIES,4003,277,,,,,4004,277,,,,,4003.5,0.0
0,10200,STRAWBERRIES,4003,207,,,,,4004,207,,,,,4003.5,0.0
0,10300,STRAWBERRIES,4003,202,,,,,4004,202,,,,,4003.5,0.0
0,10400,STRAWBERRIES,4003,88,4002.0,166.0,,,4004,254,,,,,4003.5,0.0
0,10500,STRAWBERRIES,4003,198,,,,,4004,198,,,,,4003.5,0.0
0,10600,STRAWBERRIES,4003,89,4002.0,160.0,,,4004,249,,,,,4003.5,0.0
0,10700,STRAWBERRIES,4002,227,,,,,4004,227,,,,,4003.0,0.0
0,10800,STRAWBERRIES,4002,248,,,,,4003,89,4004.0,159.0,,,4002.5,0.0
0,10900,STRAWBERRIES,4003,269,,,,,4004,269,,,,,4003.5,0.0
0,11000,STRAWBERRIES,4002,216,,,,,4003,216,,,,,4002.5,0.0
0,11100,STRAWBERRIES,4001,270,,,,,4003,270,,,,,4002.0,0.0
0,11200,STRAWBERRIES,4001,89,4000.0,151.0,,,4002,232,,,,,4001.5,0.0
0,11300,STRAWBERRIES,4001,79,4000.0,175.0,,,4002,254,,,,,4001.5,0.0
0,11400,STRAWBERRIES,4000,216,,,,,4002,216,,,,,4001.0,0.0
0,11500,STRAWBERRIES,4000,267,,,,,4001,267,,,,,4000.5,0.0
0,11600,STRAWBERRIES,4000,229,,,,,4001,55,4002.0,174.0,,,4000.5,0.0
0,11700,STRAWBERRIES,4000,91,3999.0,163.0,,,4001,254,,,,,4000.5,0.0
0,11800,STRAWBERRIES,4000,216,,,,,4002,216,,,,,4001.0,0.0
0,11900,STRAWBERRIES,4001,77,4000.0,129.0,,,4002,206,,,,,4001.5,0.0
0,12000,STRAWBERRIES,4001,253,,,,,4002,253,,,,,4001.5,0.0
0,12100,STRAWBERRIES,4001,195,,,,,4002,195,,,,,4001.5,0.0
0,12200,STRAWBERRIES,4001,218,,,,,4002,74,4003.0,149.0,,,4001.5,0.0
0,12300,STRAWBERRIES,4001,255,,,,,4003,255,,,,,4002.0,0.0
0,12400,STRAWBERRIES,4001,71,4000.0,156.0,,,4002,236,,,,,4001.5,0.0
0,12500,STRAWBERRIES,4000,251,,,,,4002,251,,,,,4001.0,0.0
0,12600,STRAWBERRIES,4000,219,,,,,4001,59,4002.0,160.0,,,4000.5,0.0
0,12700,STRAWBERRIES,4000,230,,,,,4001,91,4002.0,139.0,,,4000.5,0.0
0,12800,STRAWBERRIES,4000,208,,,,,4001,208,,,,,4000.5,0.0
0,12900,STRAWBERRIES,4000,83,3999.0,186.0,,,4001,269,,,,,4000.5,0.0
0,13000,STRAWBERRIES,4000,61,3999.0,176.0,,,4001,237,,,,,4000.5,0.0
0,13100,STRAWBERRIES,3999,197,,,,,4001,197,,,,,4000.0,0.0
0,13200,STRAWBERRIES,3999,207,,,,,4001,207,,,,,4000.0,0.0
0,13300,STRAWBERRIES,3999,184,,,,,4000,181,,,,,3999.5,0.0
0,13400,STRAWBERRIES,3998,239,,,,,4000,239,,,,,3999.0,0.0
0,13500,STRAWBERRIES,3998,53,3997.0,136.0,,,3999,189,,,,,3998.5,0.0
0,13600,STRAWBERRIES,3998,247,,,,,3999,247,,,,,3998.5,0.0
0,13700,STRAWBERRIES,3998,83,3997.0,195.0,,,3999,278,,,,,3998.5,0.0
0,13800,STRAWBERRIES,3998,68,3997.0,187.0,,,3999,255,,,,,3998.5,0.0
0,13900,STRAWBERRIES,3998,12,3997.0,236.0,,,3999,236,,,,,3998.5,0.0
0,14000,STRAWBERRIES,3997,260,,,,,3999,260,,,,,3998.0,0.0
0,14100,STRAWBERRIES,3998,99,3997.0,185.0,,,3999,284,,,,,3998.5,0.0
0,14200,STRAWBERRIES,3998,73,3997.0,189.0,,,3999,262,,,,,3998.5,0.0
0,14300,STRAWBERRIES,3998,259,,,,,3999,84,4000.0,175.0,,,3998.5,0.0
0,14400,STRAWBERRIES,3998,205,,,,,4000,205,,,,,3999.0,0.0
0,14500,STRAWBERRIES,3998,266,,,,,4000,266,,,,,3999.0,0.0
0,14600,STRAWBERRIES,3997,188,,,,,3999,188,,,,,3998.0,0.0
0,14700,STRAWBERRIES,3997,204,,,,,3998,88,3999.0,116.0,,,3997.5,0.0
0,14800,STRAWBERRIES,3997,196,,,,,3999,196,,,,,3998.0,0.0
0,14900,STRAWBERRIES,3997,202,,,,,3998,89,3999.0,113.0,,,3997.5,0.0
0,15000,STRAWBERRIES,3997,165,,,,,3999,170,,,,,3998.0,0.0
0,15100,STRAWBERRIES,3997,83,3996.0,104.0,,,3998,187,,,,,3997.5,0.0
0,15200,STRAWBERRIES,3997,86,3996.0,138.0,,,3998,224,,,,,3997.5,0.0
0,15300,STRAWBERRIES,3996,244,,,,,3997,10,3998.0,244.0,,,3996.5,0.0
0,15400,STRAWBERRIES,3996,249,,,,,3998,249,,,,,3997.0,0.0
0,15500,STRAWBERRIES,3996,200,,,,,3997,54,3998.0,146.0,,,3996.5,0.0
0,15600,STRAWBERRIES,3996,264,,,,,3997,264,,,,,3996.5,0.0
0,15700,STRAWBERRIES,3996,237,,,,,3997,67,3998.0,170.0,,,3996.5,0.0
0,15800,STRAWBERRIES,3997,49,3996.0,112.0,,,3998,166,,,,,3997.5,0.0
0,15900,STRAWBERRIES,3997,60,3996.0,112.0,,,3998,172,,,,,3997.5,0.0
0,16000,STRAWBERRIES,3997,234,,,,,3998,87,3999.0,147.0,,,3997.5,0.0
0,16100,STRAWBERRIES,3997,219,,,,,3999,219,,,,,3998.0,0.0
0,16200,STRAWBERRIES,3997,235,,,,,3998,78,3999.0,157.0,,,3997.5,0.0
0,16300,STRAWBERRIES,3997,95,3996.0,193.0,,,3998,288,,,,,3997.5,0.0
0,16400,STRAWBERRIES,3997,210,,,,,3998,68,3999.0,142.0,,,3997.5,0.0
0,16500,STRAWBERRIES,3997,255,,,,,3999,255,,,,,3998.0,0.0
0,16600,STRAWBERRIES,3998,256,,,,,3999,75,4000.0,181.0,,,3998.5,0.0
0,16700,STRAWBERRIES,3998,250,,,,,4000,250,,,,,3999.0,0.0
0,16800,STRAWBERRIES,3998,169,,,,,4000,169,,,,,3999.0,0.0
0,16900,STRAWBERRIES,3998,265,,,,,4000,265,,,,,3999.0,0.0
0,17000,STRAWBERRIES,3999,56,3998.0,150.0,,,4000,206,,,,,3999.5,0.0
0,17100,STRAWBERRIES,3999,84,3998.0,120.0,,,4000,204,,,,,3999.5,0.0
0,17200,STRAWBERRIES,3999,57,3998.0,178.0,,,4000,235,,,,,3999.5,0.0
0,17300,STRAWBERRIES,3997,259,,,,,3999,259,,,,,3998.0,0.0
0,17400,STRAWBERRIES,3997,208,,,,,3998,208,,,,,3997.5,0.0
0,17500,STRAWBERRIES,3998,161,,,,,3999,167,,,,,3998.5,0.0
0,17600,STRAWBERRIES,3998,92,3997.0,173.0,,,3999,265,,,,,3998.5,0.0
0,17700,STRAWBERRIES,3997,281,,,,,3999,281,,,,,3998.0,0.0
0,17800,STRAWBERRIES,3997,180,,,,,3999,180,,,,,3998.0,0.0
0,17900,STRAWBERRIES,3997,157,,,,,3999,157,,,,,3998.0,0.0
0,18000,STRAWBERRIES,3997,215,,,,,3998,100,3999.0,115.0,,,3997.5,0.0
0,18100,STRAWBERRIES,3997,237,,,,,3998,225,,,,,3997.5,0.0
0,18200,STRAWBERRIES,3996,159,,,,,3998,159,,,,,3997.0,0.0
0,18300,STRAWBERRIES,3997,7,3996.0,236.0,,,3998,236,,,,,3997.5,0.0
0,18400,STRAWBERRIES,3997,245,,,,,3998,245,,,,,3997.5,0.0
0,18500,STRAWBERRIES,3997,195,,,,,3998,195,,,,,3997.5,0.0
0,18600,STRAWBERRIES,3997,216,,,,,3998,62,3999.0,154.0,,,3997.5,0.0
0,18700,STRAWBERRIES,3997,259,,,,,3998,68,3999.0,191.0,,,3997.5,0.0
0,18800,STRAWBERRIES,3997,232,,,,,3999,232,,,,,3998.0,0.0
0,18900,STRAWBERRIES,3998,178,,,,,3999,178,,,,,3998.5,0.0
0,19000,STRAWBERRIES,3998,204,,,,,3999,80,4000.0,124.0,,,3998.5,0.0
0,19100,STRAWBERRIES,3998,86,3997.0,181.0,,,3999,267,,,,,3998.5,0.0
0,19200,STRAWBERRIES,3997,206,,,,,3999,206,,,,,3998.0,0.0
0,19300,STRAWBERRIES,3998,56,3997.0,158.0,,,3999,214,,,,,3998.5,0.0
0,19400,STRAWBERRIES,3998,201,,,,,3999,201,,,,,3998.5,0.0
0,19500,STRAWBERRIES,3998,251,,,,,4000,251,,,,,3999.0,0.0
0,19600,STRAWBERRIES,3998,228,,,,,4000,228,,,,,3999.0,0.0
0,19700,STRAWBERRIES,3999,99,3998.0,191.0,,,4000,290,,,,,3999.5,0.0
0,19800,STRAWBERRIES,3999,69,3998.0,160.0,,,4000,229,,,,,3999.5,0.0
0,19900,STRAWBERRIES,3999,84,3998.0,184.0,,,4000,256,,,,,3999.5,0.0
0,20000,STRAWBERRIES,3999,66,3998.0,145.0,,,4000,211,,,,,3999.5,0.0
0,20100,STRAWBERRIES,3999,61,3998.0,191.0,,,4000,252,,,,,3999.5,0.0
0,20200,STRAWBERRIES,3999,58,3998.0,161.0,,,4000,219,,,,,3999.5,0.0
0,20300,STRAWBERRIES,3998,180,,,,,4000,180,,,,,3999.0,0.0
0,20400,STRAWBERRIES,3998,285,,,,,3999,94,4000.0,191.0,,,3998.5,0.0
0,20500,STRAWBERRIES,3998,234,,,,,3999,234,,,,,3998.5,0.0
0,20600,STRAWBERRIES,3998,190,,,,,4000,190,,,,,3999.0,0.0
0,20700,STRAWBERRIES,3999,66,3998.0,126.0,,,4000,192,,,,,3999.5,0.0
0,20800,STRAWBERRIES,3998,228,,,,,4000,228,,,,,3999.0,0.0
0,20900,STRAWBERRIES,3999,211,,,,,4000,211,,,,,3999.5,0.0
0,21000,STRAWBERRIES,3999,214,,,,,4000,81,4001.0,133.0,,,3999.5,0.0
0,21100,STRAWBERRIES,3999,174,,,,,4000,174,,,,,3999.5,0.0
0,21200,STRAWBERRIES,3999,233,,,,,4001,233,,,,,4000.0,0.0
0,21300,STRAWBERRIES,3998,187,,,,,4000,187,,,,,3999.0,0.0
0,21400,STRAWBERRIES,3998,203,,,,,4000,203,,,,,3999.0,0.0
0,21500,STRAWBERRIES,3999,168,,,,,4000,67,4001.0,101.0,,,3999.5,0.0
0,21600,STRAWBERRIES,3999,98,3998.0,189.0,,,4000,287,,,,,3999.5,0.0
0,21700,STRAWBERRIES,3999,65,3998.0,184.0,,,4000,249,,,,,3999.5,0.0
0,21800,STRAWBERRIES,3999,170,,,,,4001,170,,,,,4000.0,0.0
0,21900,STRAWBERRIES,3999,229,,,,,4001,229,,,,,4000.0,0.0
0,22000,STRAWBERRIES,3999,202,,,,,4001,202,,,,,4000.0,0.0
0,22100,STRAWBERRIES,4000,54,3999.0,121.0,,,4001,175,,,,,4000.5,0.0
0,22200,STRAWBERRIES,4000,262,,,,,4002,262,,,,,4001.0,0.0
0,22300,STRAWBERRIES,4000,170,,,,,4001,64,4002.0,106.0,,,4000.5,0.0
0,22400,STRAWBERRIES,3999,216,,,,,4000,6,4001.0,216.0,,,3999.5,0.0
0,22500,STRAWBERRIES,4000,232,,,,,4002,232,,,,,4001.0,0.0
0,22600,STRAWBERRIES,4000,233,,,,,4002,233,,,,,4001.0,0.0
0,22700,STRAWBERRIES,4000,236,,,,,4001,236,,,,,4000.5,0.0
0,22800,STRAWBERRIES,4000,218,,,,,4001,218,,,,,4000.5,0.0
0,22900,STRAWBERRIES,4000,263,,,,,4002,263,,,,,4001.0,0.0
0,23000,STRAWBERRIES,4000,219,,,,,4002,219,,,,,4001.0,0.0
0,23100,STRAWBERRIES,4001,93,4000.0,130.0,,,4002,223,,,,,4001.5,0.0
0,23200,STRAWBERRIES,4000,241,,,,,4002,241,,,,,4001.0,0.0
0,23300,STRAWBERRIES,4000,243,,,,,4002,243,,,,,4001.0,0.0
0,23400,STRAWBERRIES,4000,74,3999.0,170.0,,,4001,244,,,,,4000.5,0.0
0,23500,STRAWBERRIES,3999,221,,,,,4001,221,,,,,4000.0,0.0
0,23600,STRAWBERRIES,3999,204,,,,,4000,84,4001.0,120.0,,,3999.5,0.0
0,23700,STRAWBERRIES,4000,260,,,,,4001,260,,,,,4000.5,0.0
0,23800,STRAWBERRIES,4000,207,,,,,4001,64,4002.0,143.0,,,4000.5,0.0
0,23900,STRAWBERRIES,4000,251,,,,,4002,251,,,,,4001.0,0.0
0,24000,STRAWBERRIES,4000,248,,,,,4002,248,,,,,4001.0,0.0
0,24100,STRAWBERRIES,4000,278,,,,,4002,270,,,,,4001.0,0.0
0,24200,STRAWBERRIES,4000,242,,,,,4001,242,,,,,4000.5,0.0
0,24300,STRAWBERRIES,4000,91,3999.0,157.0,,,4001,248,,,,,4000.5,0.0
0,24400,STRAWBERRIES,4000,54,3999.0,154.0,,,4001,208,,,,,4000.5,0.0
0,24500,STRAWBERRIES,3999,263,,,,,4001,263,,,,,4000.0,0.0
0,24600,STRAWBERRIES,4000,229,,,,,4001,60,4002.0,169.0,,,4000.5,0.0
0,24700,STRAWBERRIES,4000,65,3999.0,197.0,,,4001,262,,,,,4000.5,0.0
0,24800,STRAWBERRIES,3999,174,,,,,4001,174,,,,,4000.0,0.0
0,24900,STRAWBERRIES,3999,217,,,,,4000,58,4001.0,159.0,,,3999.5,0.0
0,25000,STRAWBERRIES,3999,252,,,,,4001,252,,,,,4000.0,0.0
0,25100,STRAWBERRIES,3999,241,,,,,4000,81,4001.0,160.0,,,3999.5,0.0
0,25200,STRAWBERRIES,3999,79,3998.0,164.0,,,4000,243,,,,,3999.5,0.0
0,25300,STRAWBERRIES,3999,179,,,,,4001,179,,,,,4000.0,0.0
0,25400,STRAWBERRIES,3999,176,,,,,4001,176,,,,,4000.0,0.0
0,25500,STRAWBERRIES,4000,73,3999.0,144.0,,,4001,217,,,,,4000.5,0.0
0,25600,STRAWBERRIES,4000,205,,,,,4001,62,4002.0,136.0,,,4000.5,0.0
0,25700,STRAWBERRIES,4000,179,,,,,4002,179,,,,,4001.0,0.0
0,25800,STRAWBERRIES,4000,227,,,,,4002,227,,,,,4001.0,0.0
0,25900,STRAWBERRIES,4000,226,,,,,4002,226,,,,,4001.0,0.0
0,26000,STRAWBERRIES,4000,203,,,,,4002,203,,,,,4001.0,0.0
0,26100,STRAWBERRIES,4000,208,,,,,4002,208,,,,,4001.0,0.0
0,26200,STRAWBERRIES,4000,184,,,,,4001,80,4002.0,104.0,,,4000.5,0.0
0,26300,STRAWBERRIES,4000,256,,,,,4002,256,,,,,4001.0,0.0
0,26400,STRAWBERRIES,4000,280,,,,,4001,82,4002.0,198.0,,,4000.5,0.0
0,26500,STRAWBERRIES,4000,246,,,,,4002,246,,,,,4001.0,0.0
0,26600,STRAWBERRIES,4001,167,,,,,4002,55,4003.0,112.0,,,4001.5,0.0
0,26700,STRAWBERRIES,4001,196,,,,,4003,196,,,,,4002.0,0.0
0,26800,STRAWBERRIES,4002,79,4001.0,191.0,,,4003,270,,,,,4002.5,0.0
0,26900,STRAWBERRIES,4002,265,,,,,4003,265,,,,,4002.5,0.0
0,27000,STRAWBERRIES,4002,241,,,,,4003,241,,,,,4002.5,0.0
0,27100,STRAWBERRIES,4001,232,,,,,4002,232,,,,,4001.5,0.0
0,27200,STRAWBERRIES,4000,232,,,,,4001,100,4002.0,129.0,,,4000.5,0.0
0,27300,STRAWBERRIES,4000,90,3999.0,194.0,,,4001,284,,,,,4000.5,0.0
0,27400,STRAWBERRIES,3999,208,,,,,4001,208,,,,,4000.0,0.0
0,27500,STRAWBERRIES,4000,251,,,,,4001,251,,,,,4000.5,0.0
0,27600,STRAWBERRIES,4000,69,3999.0,128.0,,,4001,197,,,,,4000.5,0.0
0,27700,STRAWBERRIES,3999,192,,,,,4001,192,,,,,4000.0,0.0
0,27800,STRAWBERRIES,3999,185,,,,,4000,63,4001.0,114.0,,,3999.5,0.0
0,27900,STRAWBERRIES,3999,65,3998.0,161.0,,,4000,226,,,,,3999.5,0.0
0,28000,STRAWBERRIES,3999,57,3998.0,187.0,,,4000,244,,,,,3999.5,0.0
0,28100,STRAWBERRIES,3999,209,,,,,4001,209,,,,,4000.0,0.0
0,28200,STRAWBERRIES,3999,238,,,,,4001,238,,,,,4000.0,0.0
0,28300,STRAWBERRIES,3999,213,,,,,4000,90,4001.0,123.0,,,3999.5,0.0
0,28400,STRAWBERRIES,3999,214,,,,,4001,214,,,,,4000.0,0.0
0,28500,STRAWBERRIES,3999,203,,,,,4001,203,,,,,4000.0,0.0
0,28600,STRAWBERRIES,3999,203,,,,,4000,97,4001.0,106.0,,,3999.5,0.0
0,28700,STRAWBERRIES,3999,242,,,,,4001,242,,,,,4000.0,0.0
0,28800,STRAWBERRIES,3999,215,,,,,4001,215,,,,,4000.0,0.0
0,28900,STRAWBERRIES,3999,287,,,,,4001,287,,,,,4000.0,0.0
0,29000,STRAWBERRIES,3999,76,3998.0,141.0,,,4000,217,,,,,3999.5,0.0
0,29100,STRAWBERRIES,3999,59,3998.0,175.0,,,4000,234,,,,,3999.5,0.0
0,29200,STRAWBERRIES,3999,53,3998.0,175.0,,,4000,228,,,,,3999.5,0.0
0,29300,STRAWBERRIES,3999,83,3998.0,179.0,,,4000,262,,,,,3999.5,0.0
0,29400,STRAWBERRIES,3999,218,,,,,4000,218,,,,,3999.5,0.0
0,29500,STRAWBERRIES,3999,184,,,,,4000,184,,,,,3999.5,0.0
0,29600,STRAWBERRIES,3998,241,,,,,4000,248,,,,,3999.0,0.0
0,29700,STRAWBERRIES,3998,245,,,,,4000,245,,,,,3999.0,0.0
0,29800,STRAWBERRIES,3998,250,,,,,3999,50,4000.0,200.0,,,3998.5,0.0
0,29900,STRAWBERRIES,3998,60,3997.0,150.0,,,3999,210,,,,,3998.5,0.0
0,30000,STRAWBERRIES,3998,79,3997.0,100.0,,,3999,179,,,,,3998.5,0.0
0,30100,STRAWBERRIES,3997,242,,,,,3998,242,,,,,3997.5,0.0
0,30200,STRAWBERRIES,3997,264,,,,,3999,264,,,,,3998.0,0.0
0,30300,STRAWBERRIES,3997,201,,,,,3998,65,3999.0,130.0,,,3997.5,0.0
0,30400,STRAWBERRIES,3997,272,,,,,3999,272,,,,,3998.0,0.0
0,30500,STRAWBERRIES,3997,204,,,,,3999,204,,,,,3998.0,0.0
0,30600,STRAWBERRIES,3997,194,,,,,3999,194,,,,,3998.0,0.0
0,30700,STRAWBERRIES,3997,248,,,,,3998,248,,,,,3997.5,0.0
0,30800,STRAWBERRIES,3997,239,,,,,3998,239,,,,,3997.5,0.0
0,30900,STRAWBERRIES,3997,202,,,,,3999,202,,,,,3998.0,0.0
0,31000,STRAWBERRIES,3997,224,,,,,3998,224,,,,,3997.5,0.0
0,31100,STRAWBERRIES,3997,207,,,,,3999,207,,,,,3998.0,0.0
0,31200,STRAWBERRIES,3998,6,3997.0,222.0,,,3999,222,,,,,3998.5,0.0
0,31300,STRAWBERRIES,3997,160,,,,,3999,160,,,,,3998.0,0.0
0,31400,STRAWBERRIES,3998,96,3997.0,136.0,,,3999,232,,,,,3998.5,0.0
0,31500,STRAWBERRIES,3998,250,,,,,3999,250,,,,,3998.5,0.0
0,31600,STRAWBERRIES,3998,7,3997.0,168.0,,,3999,168,,,,,3998.5,0.0
0,31700,STRAWBERRIES,3998,75,3997.0,171.0,,,3999,246,,,,,3998.5,0.0
0,31800,STRAWBERRIES,3997,192,,,,,3999,192,,,,,3998.0,0.0
0,31900,STRAWBERRIES,3997,189,,,,,3999,189,,,,,3998.0,0.0
0,32000,STRAWBERRIES,3997,234,,,,,3999,234,,,,,3998.0,0.0
0,32100,STRAWBERRIES,3997,95,3996.0,191.0,,,3998,286,,,,,3997.5,0.0
0,32200,STRAWBERRIES,3996,260,,,,,3998,260,,,,,3997.0,0.0
0,32300,STRAWBERRIES,3997,63,3996.0,108.0,,,3998,171,,,,,3997.5,0.0
0,32400,STRAWBERRIES,3996,193,,,,,3997,58,3998.0,135.0,,,3996.5,0.0
0,32500,STRAWBERRIES,3997,69,3996.0,113.0,,,3998,182,,,,,3997.5,0.0
0,32600,STRAWBERRIES,3997,68,3996.0,110.0,,,3998,178,,,,,3997.5,0.0
0,32700,STRAWBERRIES,3997,206,,,,,3998,206,,,,,3997.5,0.0
0,32800,STRAWBERRIES,3997,210,,,,,3998,62,3999.0,148.0,,,3997.5,0.0
0,32900,STRAWBERRIES,3997,229,,,,,3999,229,,,,,3998.0,0.0
0,33000,STRAWBERRIES,3997,243,,,,,3999,243,,,,,3998.0,0.0
0,33100,STRAWBERRIES,3997,190,,,,,3998,190,,,,,3997.5,0.0
0,33200,STRAWBERRIES,3996,189,,,,,3998,189,,,,,3997.0,0.0
0,33300,STRAWBERRIES,3997,60,3996.0,185.0,,,3998,245,,,,,3997.5,0.0
0,33400,STRAWBERRIES,3996,220,,,,,3998,220,,,,,3997.0,0.0
0,33500,STRAWBERRIES,3996,283,,,,,3998,283,,,,,3997.0,0.0
0,33600,STRAWBERRIES,3996,184,,,,,3998,184,,,,,3997.0,0.0
0,33700,STRAWBERRIES,3997,289,,,,,3998,289,,,,,3997.5,0.0
0,33800,STRAWBERRIES,3997,77,3996.0,183.0,,,3998,260,,,,,3997.5,0.0
0,33900,STRAWBERRIES,3996,150,,,,,3997,155,,,,,3996.5,0.0
0,34000,STRAWBERRIES,3996,168,,,,,3998,168,,,,,3997.0,0.0
0,34100,STRAWBERRIES,3996,210,,,,,3998,210,,,,,3997.0,0.0
0,34200,STRAWBERRIES,3996,76,3995.0,179.0,,,3997,255,,,,,3996.5,0.0
0,34300,STRAWBERRIES,3995,255,,,,,3997,255,,,,,3996.0,0.0
0,34400,STRAWBERRIES,3996,215,,,,,3998,215,,,,,3997.0,0.0
0,34500,STRAWBERRIES,3996,159,,,,,3997,159,,,,,3996.5,0.0
0,34600,STRAWBERRIES,3996,260,,,,,3998,260,,,,,3997.0,0.0
0,34700,STRAWBERRIES,3996,258,,,,,3997,85,3998.0,173.0,,,3996.5,0.0
0,34800,STRAWBERRIES,3995,216,,,,,3997,216,,,,,3996.0,0.0
0,34900,STRAWBERRIES,3995,197,,,,,3997,197,,,,,3996.0,0.0
0,35000,STRAWBERRIES,3995,188,,,,,3997,188,,,,,3996.0,0.0
0,35100,STRAWBERRIES,3996,268,,,,,3997,268,,,,,3996.5,0.0
0,35200,STRAWBERRIES,3996,85,3995.0,147.0,,,3997,227,,,,,3996.5,0.0
0,35300,STRAWBERRIES,3996,247,,,,,3998,247,,,,,3997.0,0.0
0,35400,STRAWBERRIES,3996,231,,,,,3998,231,,,,,3997.0,0.0
0,35500,STRAWBERRIES,3996,86,3995.0,119.0,,,3997,205,,,,,3996.5,0.0
0,35600,STRAWBERRIES,3996,168,,,,,3997,179,,,,,3996.5,0.0
0,35700,STRAWBERRIES,3995,251,,,,,3997,251,,,,,3996.0,0.0
0,35800,STRAWBERRIES,3995,255,,,,,3997,255,,,,,3996.0,0.0
0,35900,STRAWBERRIES,3995,268,,,,,3997,268,,,,,3996.0,0.0
0,36000,STRAWBERRIES,3995,237,,,,,3997,237,,,,,3996.0,0.0
0,36100,STRAWBERRIES,3996,51,3995.0,175.0,,,3997,226,,,,,3996.5,0.0
0,36200,STRAWBERRIES,3995,206,,,,,3997,206,,,,,3996.0,0.0
0,36300,STRAWBERRIES,3996,190,,,,,3997,190,,,,,3996.5,0.0
0,36400,STRAWBERRIES,3996,244,,,,,3997,244,,,,,3996.5,0.0
0,36500,STRAWBERRIES,3996,83,3995.0,186.0,,,3997,269,,,,,3996.5,0.0
0,36600,STRAWBERRIES,3996,59,3995.0,133.0,,,3997,192,,,,,3996.5,0.0
0,36700,STRAWBERRIES,3995,255,,,,,3996,81,3997.0,174.0,,,3995.5,0.0
0,36800,STRAWBERRIES,3994,181,,,,,3996,181,,,,,3995.0,0.0
0,36900,STRAWBERRIES,3995,57,3994.0,104.0,,,3996,161,,,,,3995.5,0.0
0,37000,STRAWBERRIES,3995,54,3994.0,122.0,,,3996,176,,,,,3995.5,0.0
0,37100,STRAWBERRIES,3995,170,,,,,3996,70,3997.0,100.0,,,3995.5,0.0
0,37200,STRAWBERRIES,3995,265,,,,,3997,265,,,,,3996.0,0.0
0,37300,STRAWBERRIES,3995,244,,,,,3996,244,,,,,3995.5,0.0
0,37400,STRAWBERRIES,3995,276,,,,,3997,276,,,,,3996.0,0.0
0,37500,STRAWBERRIES,3995,252,,,,,3997,252,,,,,3996.0,0.0
0,37600,STRAWBERRIES,3995,58,3994.0,110.0,,,3996,168,,,,,3995.5,0.0
0,37700,STRAWBERRIES,3995,183,,,,,3996,183,,,,,3995.5,0.0
0,37800,STRAWBERRIES,3995,226,,,,,3997,226,,,,,3996.0,0.0
0,37900,STRAWBERRIES,3996,233,,,,,3997,233,,,,,3996.5,0.0
0,38000,STRAWBERRIES,3996,227,,,,,3998,227,,,,,3997.0,0.0
0,38100,STRAWBERRIES,3996,189,,,,,3998,189,,,,,3997.0,0.0
0,38200,STRAWBERRIES,3996,231,,,,,3997,96,3998.0,135.0,,,3996.5,0.0
0,38300,STRAWBERRIES,3996,197,,,,,3998,197,,,,,3997.0,0.0
0,38400,STRAWBERRIES,3996,253,,,,,3998,253,,,,,3997.0,0.0
0,38500,STRAWBERRIES,3996,267,,,,,3997,267,,,,,3996.5,0.0
0,38600,STRAWBERRIES,3997,204,,,,,3999,204,,,,,3998.0,0.0
0,38700,STRAWBERRIES,3997,199,,,,,3999,199,,,,,3998.0,0.0
0,38800,STRAWBERRIES,3998,61,3997.0,172.0,,,3999,233,,,,,3998.5,0.0
0,38900,STRAWBERRIES,3998,51,3997.0,134.0,,,3999,185,,,,,3998.5,0.0
0,39000,STRAWBERRIES,3998,263,,,,,3999,263,,,,,3998.5,0.0
0,39100,STRAWBERRIES,3997,240,,,,,3999,240,,,,,3998.0,0.0
0,39200,STRAWBERRIES,3997,199,,,,,3999,199,,,,,3998.0,0.0
0,39300,STRAWBERRIES,3997,245,,,,,3999,245,,,,,3998.0,0.0
0,39400,STRAWBERRIES,3997,258,,,,,3999,258,,,,,3998.0,0.0
0,39500,STRAWBERRIES,3997,286,,,,,3998,286,,,,,3997.5,0.0
0,39600,STRAWBERRIES,3998,258,,,,,3999,71,4000.0,179.0,,,3998.5,0.0
0,39700,STRAWBERRIES,3998,241,,,,,3999,241,,,,,3998.5,0.0
0,39800,STRAWBERRIES,3998,158,,,,,3999,158,,,,,3998.5,0.0
0,39900,STRAWBERRIES,3999,69,3998.0,154.0,,,4000,223,,,,,3999.5,0.0
0,40000,STRAWBERRIES,3998,254,,,,,4000,254,,,,,3999.0,0.0
0,40100,STRAWBERRIES,3999,225,,,,,4000,57,4001.0,168.0,,,3999.5,0.0
0,40200,STRAWBERRIES,3999,41,3998.0,174.0,,,4000,226,,,,,3999.5,0.0
0,40300,STRAWBERRIES,3999,195,,,,,4000,195,,,,,3999.5,0.0
0,40400,STRAWBERRIES,3999,188,,,,,4000,188,,,,,3999.5,0.0
0,40500,STRAWBERRIES,3998,189,,,,,4000,189,,,,,3999.0,0.0
0,40600,STRAWBERRIES,3998,200,,,,,4000,200,,,,,3999.0,0.0
0,40700,STRAWBERRIES,3998,238,,,,,3999,81,4000.0,157.0,,,3998.5,0.0
0,40800,STRAWBERRIES,3998,261,,,,,3999,261,,,,,3998.5,0.0
0,40900,STRAWBERRIES,3998,70,3997.0,146.0,,,3999,216,,,,,3998.5,0.0
0,41000,STRAWBERRIES,3998,66,3997.0,187.0,,,3999,253,,,,,3998.5,0.0
0,41100,STRAWBERRIES,3997,198,,,,,3998,198,,,,,3997.5,0.0
0,41200,STRAWBERRIES,3997,269,,,,,3998,269,,,,,3997.5,0.0
0,41300,STRAWBERRIES,3997,51,3996.0,192.0,,,3998,243,,,,,3997.5,0.0
0,41400,STRAWBERRIES,3997,178,,,,,3998,66,3999.0,112.0,,,3997.5,0.0
0,41500,STRAWBERRIES,3997,191,,,,,3998,90,3999.0,101.0,,,3997.5,0.0
0,41600,STRAWBERRIES,3997,165,,,,,3998,165,,,,,3997.5,0.0
0,41700,STRAWBERRIES,3997,193,,,,,3998,56,3999.0,141.0,,,3997.5,0.0
0,41800,STRAWBERRIES,3997,73,3996.0,126.0,,,3998,206,,,,,3997.5,0.0
0,41900,STRAWBERRIES,3996,270,,,,,3998,270,,,,,3997.0,0.0
0,42000,STRAWBERRIES,3997,246,,,,,3998,246,,,,,3997.5,0.0
0,42100,STRAWBERRIES,3997,63,3996.0,114.0,,,3998,177,,,,,3997.5,0.0
0,42200,STRAWBERRIES,3997,55,3996.0,195.0,,,3998,250,,,,,3997.5,0.0
0,42300,STRAWBERRIES,3997,52,3996.0,190.0,,,3998,242,,,,,3997.5,0.0
0,42400,STRAWBERRIES,3997,87,3996.0,178.0,,,3998,265,,,,,3997.5,0.0
0,42500,STRAWBERRIES,3996,272,,,,,3998,272,,,,,3997.0,0.0
0,42600,STRAWBERRIES,3996,198,,,,,3998,198,,,,,3997.0,0.0
0,42700,STRAWBERRIES,3996,247,,,,,3998,247,,,,,3997.0,0.0
0,42800,STRAWBERRIES,3996,208,,,,,3998,208,,,,,3997.0,0.0
0,42900,STRAWBERRIES,3996,206,,,,,3997,59,3998.0,147.0,,,3996.5,0.0
0,43000,STRAWBERRIES,3996,55,3995.0,188.0,,,3997,240,,,,,3996.5,0.0
0,43100,STRAWBERRIES,3996,258,,,,,3997,258,,,,,3996.5,0.0
0,43200,STRAWBERRIES,3996,60,3995.0,101.0,,,3997,161,,,,,3996.5,0.0
0,43300,STRAWBERRIES,3996,66,3995.0,190.0,,,3997,256,,,,,3996.5,0.0
0,43400,STRAWBERRIES,3996,182,,,,,3997,64,3998.0,118.0,,,3996.5,0.0
0,43500,STRAWBERRIES,3995,201,,,,,3997,201,,,,,3996.0,0.0
0,43600,STRAWBERRIES,3995,74,3994.0,120.0,,,3996,194,,,,,3995.5,0.0
0,43700,STRAWBERRIES,3995,246,,,,,3997,246,,,,,3996.0,0.0
0,43800,STRAWBERRIES,3995,207,,,,,3996,207,,,,,3995.5,0.0
0,43900,STRAWBERRIES,3995,70,3994.0,123.0,,,3996,183,,,,,3995.5,0.0
0,44000,STRAWBERRIES,3994,253,,,,,3996,253,,,,,3995.0,0.0
0,44100,STRAWBERRIES,3994,222,,,,,3996,222,,,,,3995.0,0.0
0,44200,STRAWBERRIES,3994,243,,,,,3996,243,,,,,3995.0,0.0
0,44300,STRAWBERRIES,3995,76,3994.0,138.0,,,3996,214,,,,,3995.5,0.0
0,44400,STRAWBERRIES,3994,212,,,,,3996,212,,,,,3995.0,0.0
0,44500,STRAWBERRIES,3994,179,,,,,3996,179,,,,,3995.0,0.0
0,44600,STRAWBERRIES,3995,59,3994.0,179.0,,,3996,238,,,,,3995.5,0.0
0,44700,STRAWBERRIES,3994,192,,,,,3996,192,,,,,3995.0,0.0
0,44800,STRAWBERRIES,3995,94,3994.0,193.0,,,3996,287,,,,,3995.5,0.0
0,44900,STRAWBERRIES,3994,284,,,,,3996,284,,,,,3995.0,0.0
0,45000,STRAWBERRIES,3995,76,3994.0,154.0,,,3996,230,,,,,3995.5,0.0
0,45100,STRAWBERRIES,3995,84,3994.0,100.0,,,3996,184,,,,,3995.5,0.0
0,45200,STRAWBERRIES,3995,244,,,,,3996,77,3997.0,167.0,,,3995.5,0.0
0,45300,STRAWBERRIES,3994,225,,,,,3995,8,3996.0,225.0,,,3994.5,0.0
0,45400,STRAWBERRIES,3994,232,,,,,3995,94,3996.0,138.0,,,3994.5,0.0
0,45500,STRAWBERRIES,3994,168,,,,,3996,168,,,,,3995.0,0.0
0,45600,STRAWBERRIES,3995,92,3994.0,154.0,,,3996,246,,,,,3995.5,0.0
0,45700,STRAWBERRIES,3994,231,,,,,3996,231,,,,,3995.0,0.0
0,45800,STRAWBERRIES,3994,185,,,,,3995,56,3996.0,129.0,,,3994.5,0.0
0,45900,STRAWBERRIES,3994,251,,,,,3996,251,,,,,3995.0,0.0
0,46000,STRAWBERRIES,3994,216,,,,,3996,216,,,,,3995.0,0.0
0,46100,STRAWBERRIES,3994,274,,,,,3996,274,,,,,3995.0,0.0
0,46200,STRAWBERRIES,3994,178,,,,,3995,9,3996.0,178.0,,,3994.5,0.0
0,46300,STRAWBERRIES,3995,187,,,,,3996,187,,,,,3995.5,0.0
0,46400,STRAWBERRIES,3995,267,,,,,3996,79,3997.0,188.0,,,3995.5,0.0
0,46500,STRAWBERRIES,3995,250,,,,,3996,59,3997.0,191.0,,,3995.5,0.0
0,46600,STRAWBERRIES,3995,289,,,,,3997,289,,,,,3996.0,0.0
0,46700,STRAWBERRIES,3995,220,,,,,3997,220,,,,,3996.0,0.0
0,46800,STRAWBERRIES,3995,210,,,,,3997,210,,,,,3996.0,0.0
0,46900,STRAWBERRIES,3995,251,,,,,3996,94,3997.0,157.0,,,3995.5,0.0
0,47000,STRAWBERRIES,3995,200,,,,,3996,200,,,,,3995.5,0.0
0,47100,STRAWBERRIES,3995,261,,,,,3997,261,,,,,3996.0,0.0
0,47200,STRAWBERRIES,3994,222,,,,,3995,222,,,,,3994.5,0.0
0,47300,STRAWBERRIES,3994,224,,,,,3995,224,,,,,3994.5,0.0
0,47400,STRAWBERRIES,3994,63,3993.0,161.0,,,3995,224,,,,,3994.5,0.0
0,47500,STRAWBERRIES,3994,252,,,,,3995,252,,,,,3994.5,0.0
0,47600,STRAWBERRIES,3994,210,,,,,3996,210,,,,,3995.0,0.0
0,47700,STRAWBERRIES,3995,69,3994.0,176.0,,,3996,245,,,,,3995.5,0.0
0,47800,STRAWBERRIES,3994,231,,,,,3996,231,,,,,3995.0,0.0
0,47900,STRAWBERRIES,3994,223,,,,,3996,223,,,,,3995.0,0.0
0,48000,STRAWBERRIES,3995,78,3994.0,111.0,,,3996,189,,,,,3995.5,0.0
0,48100,STRAWBERRIES,3994,207,,,,,3995,58,3996.0,149.0,,,3994.5,0.0
0,48200,STRAWBERRIES,3994,253,,,,,3995,69,3996.0,184.0,,,3994.5,0.0
0,48300,STRAWBERRIES,3994,284,,,,,3995,97,3996.0,187.0,,,3994.5,0.0
0,48400,STRAWBERRIES,3994,213,,,,,3996,213,,,,,3995.0,0.0
0,48500,STRAWBERRIES,3994,198,,,,,3995,198,,,,,3994.5,0.0
0,48600,STRAWBERRIES,3994,287,,,,,3995,87,3996.0,200.0,,,3994.5,0.0
0,48700,STRAWBERRIES,3994,253,,,,,3995,247,,,,,3994.5,0.0
0,48800,STRAWBERRIES,3994,88,3993.0,102.0,,,3995,190,,,,,3994.5,0.0
0,48900,STRAWBERRIES,3993,220,,,,,3995,220,,,,,3994.0,0.0
0,49000,STRAWBERRIES,3992,279,,,,,3994,279,,,,,3993.0,0.0
0,49100,STRAWBERRIES,3992,271,,,,,3994,271,,,,,3993.0,0.0
0,49200,STRAWBERRIES,3992,205,,,,,3994,205,,,,,3993.0,0.0
0,49300,STRAWBERRIES,3992,227,,,,,3993,57,3994.0,170.0,,,3992.5,0.0
0,49400,STRAWBERRIES,3991,186,,,,,3993,186,,,,,3992.0,0.0
0,49500,STRAWBERRIES,3992,230,,,,,3993,230,,,,,3992.5,0.0
0,49600,STRAWBERRIES,3992,207,,,,,3993,93,3994.0,114.0,,,3992.5,0.0
0,49700,STRAWBERRIES,3992,223,,,,,3993,223,,,,,3992.5,0.0
0,49800,STRAWBERRIES,3992,262,,,,,3994,262,,,,,3993.0,0.0
0,49900,STRAWBERRIES,3991,232,,,,,3993,232,,,,,3992.0,0.0
0,50000,STRAWBERRIES,3992,259,,,,,3994,259,,,,,3993.0,0.0
0,50100,STRAWBERRIES,3992,238,,,,,3993,68,3994.0,170.0,,,3992.5,0.0
0,50200,STRAWBERRIES,3992,206,,,,,3993,71,3994.0,145.0,,,3992.5,0.0
0,50300,STRAWBERRIES,3992,88,3991.0,199.0,,,3993,287,,,,,3992.5,0.0
0,50400,STRAWBERRIES,3992,56,3991.0,192.0,,,3993,248,,,,,3992.5,0.0
0,50500,STRAWBERRIES,3991,212,,,,,3993,212,,,,,3992.0,0.0
0,50600,STRAWBERRIES,3991,252,,,,,3992,96,3993.0,156.0,,,3991.5,0.0
0,50700,STRAWBERRIES,3991,251,,,,,3992,251,,,,,3991.5,0.0
0,50800,STRAWBERRIES,3990,169,,,,,3992,169,,,,,3991.0,0.0
0,50900,STRAWBERRIES,3990,228,,,,,3991,58,3992.0,158.0,,,3990.5,0.0
0,51000,STRAWBERRIES,3990,229,,,,,3992,229,,,,,3991.0,0.0
0,51100,STRAWBERRIES,3990,244,,,,,3991,80,3992.0,164.0,,,3990.5,0.0
0,51200,STRAWBERRIES,3990,187,,,,,3991,187,,,,,3990.5,0.0
0,51300,STRAWBERRIES,3990,243,,,,,3991,243,,,,,3990.5,0.0
0,51400,STRAWBERRIES,3990,205,,,,,3991,205,,,,,3990.5,0.0
0,51500,STRAWBERRIES,3990,173,,,,,3991,173,,,,,3990.5,0.0
0,51600,STRAWBERRIES,3989,251,,,,,3991,251,,,,,3990.0,0.0
0,51700,STRAWBERRIES,3990,100,3989.0,199.0,,,3991,299,,,,,3990.5,0.0
0,51800,STRAWBERRIES,3990,78,3989.0,148.0,,,3991,226,,,,,3990.5,0.0
0,51900,STRAWBERRIES,3990,240,,,,,3991,65,3992.0,175.0,,,3990.5,0.0
0,52000,STRAWBERRIES,3990,213,,,,,3991,213,,,,,3990.5,0.0
0,52100,STRAWBERRIES,3990,283,,,,,3991,96,3992.0,187.0,,,3990.5,0.0
0,52200,STRAWBERRIES,3990,218,,,,,3992,218,,,,,3991.0,0.0
0,52300,STRAWBERRIES,3990,254,,,,,3992,254,,,,,3991.0,0.0
0,52400,STRAWBERRIES,3990,91,3989.0,170.0,,,3991,261,,,,,3990.5,0.0
0,52500,STRAWBERRIES,3990,239,,,,,3991,88,3992.0,151.0,,,3990.5,0.0
0,52600,STRAWBERRIES,3990,213,,,,,3991,54,3992.0,159.0,,,3990.5,0.0
0,52700,STRAWBERRIES,3991,104,3990.0,125.0,,,3992,220,,,,,3991.5,0.0
0,52800,STRAWBERRIES,3991,83,3990.0,200.0,,,3992,283,,,,,3991.5,0.0
0,52900,STRAWBERRIES,3990,198,,,,,3991,53,3992.0,145.0,,,3990.5,0.0
0,53000,STRAWBERRIES,3990,86,3989.0,158.0,,,3991,244,,,,,3990.5,0.0
0,53100,STRAWBERRIES,3989,181,,,,,3991,181,,,,,3990.0,0.0
0,53200,STRAWBERRIES,3989,263,,,,,3991,263,,,,,3990.0,0.0
0,53300,STRAWBERRIES,3989,250,,,,,3991,250,,,,,3990.0,0.0
0,53400,STRAWBERRIES,3989,230,,,,,3990,64,3991.0,177.0,,,3989.5,0.0
0,53500,STRAWBERRIES,3989,206,,,,,3990,206,,,,,3989.5,0.0
0,53600,STRAWBERRIES,3989,95,3988.0,150.0,,,3990,245,,,,,3989.5,0.0
0,53700,STRAWBERRIES,3988,254,,,,,3990,254,,,,,3989.0,0.0
0,53800,STRAWBERRIES,3989,89,3988.0,114.0,,,3990,195,,,,,3989.5,0.0
0,53900,STRAWBERRIES,3988,216,,,,,3990,216,,,,,3989.0,0.0
0,54000,STRAWBERRIES,3989,262,,,,,3990,77,3991.0,185.0,,,3989.5,0.0
0,54100,STRAWBERRIES,3989,213,,,,,3991,213,,,,,3990.0,0.0
0,54200,STRAWBERRIES,3990,97,3989.0,114.0,,,3991,211,,,,,3990.5,0.0
0,54300,STRAWBERRIES,3989,242,,,,,3991,242,,,,,3990.0,0.0
0,54400,STRAWBERRIES,3989,255,,,,,3991,255,,,,,3990.0,0.0
0,54500,STRAWBERRIES,3989,251,,,,,3991,251,,,,,3990.0,0.0
0,54600,STRAWBERRIES,3989,259,,,,,3990,259,,,,,3989.5,0.0
0,54700,STRAWBERRIES,3989,171,,,,,3990,55,3991.0,116.0,,,3989.5,0.0
0,54800,STRAWBERRIES,3989,252,,,,,3990,252,,,,,3989.5,0.0
0,54900,STRAWBERRIES,3988,278,,,,,3990,278,,,,,3989.0,0.0
0,55000,STRAWBERRIES,3988,264,,,,,3989,78,3990.0,186.0,,,3988.5,0.0
0,55100,STRAWBERRIES,3988,168,,,,,3989,168,,,,,3988.5,0.0
0,55200,STRAWBERRIES,3988,261,,,,,3990,261,,,,,3989.0,0.0
0,55300,STRAWBERRIES,3988,247,,,,,3990,247,,,,,3989.0,0.0
0,55400,STRAWBERRIES,3988,238,,,,,3990,238,,,,,3989.0,0.0
0,55500,STRAWBERRIES,3989,163,,,,,3990,163,,,,,3989.5,0.0
0,55600,STRAWBERRIES,3989,83,3988.0,198.0,,,3990,281,,,,,3989.5,0.0
0,55700,STRAWBERRIES,3989,189,,,,,3990,189,,,,,3989.5,0.0
0,55800,STRAWBERRIES,3989,180,,,,,3990,75,3991.0,105.0,,,3989.5,0.0
0,55900,STRAWBERRIES,3989,215,,,,,3990,215,,,,,3989.5,0.0
0,56000,STRAWBERRIES,3989,195,,,,,3991,195,,,,,3990.0,0.0
0,56100,STRAWBERRIES,3989,231,,,,,3990,65,3991.0,159.0,,,3989.5,0.0
0,56200,STRAWBERRIES,3989,80,3988.0,168.0,,,3990,248,,,,,3989.5,0.0
0,56300,STRAWBERRIES,3988,199,,,,,3989,55,3990.0,144.0,,,3988.5,0.0
0,56400,STRAWBERRIES,3988,224,,,,,3989,224,,,,,3988.5,0.0
0,56500,STRAWBERRIES,3988,267,,,,,3989,267,,,,,3988.5,0.0
0,56600,STRAWBERRIES,3988,211,,,,,3989,211,,,,,3988.5,0.0
0,56700,STRAWBERRIES,3988,254,,,,,3990,254,,,,,3989.0,0.0
0,56800,STRAWBERRIES,3987,245,,,,,3989,245,,,,,3988.0,0.0
0,56900,STRAWBERRIES,3987,194,,,,,3989,194,,,,,3988.0,0.0
0,57000,STRAWBERRIES,3987,203,,,,,3989,203,,,,,3988.0,0.0
0,57100,STRAWBERRIES,3986,210,,,,,3988,210,,,,,3987.0,0.0
0,57200,STRAWBERRIES,3987,194,,,,,3988,68,3989.0,126.0,,,3987.5,0.0
0,57300,STRAWBERRIES,3987,63,3986.0,179.0,,,3988,242,,,,,3987.5,0.0
0,57400,STRAWBERRIES,3987,212,,,,,3988,220,,,,,3987.5,0.0
0,57500,STRAWBERRIES,3987,85,3986.0,108.0,,,3988,193,,,,,3987.5,0.0
0,57600,STRAWBERRIES,3987,251,,,,,3988,251,,,,,3987.5,0.0
0,57700,STRAWBERRIES,3987,88,3986.0,132.0,,,3988,220,,,,,3987.5,0.0
0,57800,STRAWBERRIES,3987,197,,,,,3989,186,,,,,3988.0,0.0
0,57900,STRAWBERRIES,3987,255,,,,,3988,255,,,,,3987.5,0.0
0,58000,STRAWBERRIES,3987,80,3986.0,133.0,,,3988,213,,,,,3987.5,0.0
0,58100,STRAWBERRIES,3987,87,3986.0,142.0,,,3988,229,,,,,3987.5,0.0
0,58200,STRAWBERRIES,3987,175,,,,,3989,175,,,,,3988.0,0.0
0,58300,STRAWBERRIES,3987,230,,,,,3988,77,3989.0,153.0,,,3987.5,0.0
0,58400,STRAWBERRIES,3987,235,,,,,3989,235,,,,,3988.0,0.0
0,58500,STRAWBERRIES,3987,255,,,,,3988,255,,,,,3987.5,0.0
0,58600,STRAWBERRIES,3987,208,,,,,3989,208,,,,,3988.0,0.0
0,58700,STRAWBERRIES,3988,99,3987.0,126.0,,,3989,225,,,,,3988.5,0.0
0,58800,STRAWBERRIES,3988,226,,,,,3990,226,,,,,3989.0,0.0
0,58900,STRAWBERRIES,3989,201,,,,,3990,98,3991.0,112.0,,,3989.5,0.0
0,59000,STRAWBERRIES,3989,228,,,,,3991,228,,,,,3990.0,0.0
0,59100,STRAWBERRIES,3989,232,,,,,3991,232,,,,,3990.0,0.0
0,59200,STRAWBERRIES,3990,273,,,,,3991,273,,,,,3990.5,0.0
0,59300,STRAWBERRIES,3990,241,,,,,3992,241,,,,,3991.0,0.0
0,59400,STRAWBERRIES,3990,224,,,,,3991,85,3992.0,139.0,,,3990.5,0.0
0,59500,STRAWBERRIES,3990,265,,,,,3992,265,,,,,3991.0,0.0
0,59600,STRAWBERRIES,3990,255,,,,,3991,87,3992.0,168.0,,,3990.5,0.0
0,59700,STRAWBERRIES,3990,265,,,,,3992,265,,,,,3991.0,0.0
0,59800,STRAWBERRIES,3990,219,,,,,3991,91,3992.0,128.0,,,3990.5,0.0
0,59900,STRAWBERRIES,3990,90,3989.0,102.0,,,3991,192,,,,,3990.5,0.0
0,60000,STRAWBERRIES,3989,234,,,,,3991,234,,,,,3990.0,0.0
0,60100,STRAWBERRIES,3988,218,,,,,3990,218,,,,,3989.0,0.0
0,60200,STRAWBERRIES,3989,61,3988.0,171.0,,,3990,232,,,,,3989.5,0.0
0,60300,STRAWBERRIES,3989,248,,,,,3991,248,,,,,3990.0,0.0
0,60400,STRAWBERRIES,3990,176,,,,,3991,176,,,,,3990.5,0.0
0,60500,STRAWBERRIES,3991,99,3990.0,194.0,,,3992,293,,,,,3991.5,0.0
0,60600,STRAWBERRIES,3991,239,,,,,3992,239,,,,,3991.5,0.0
0,60700,STRAWBERRIES,3991,277,,,,,3992,83,3993.0,194.0,,,3991.5,0.0
0,60800,STRAWBERRIES,3991,98,3990.0,104.0,,,3992,202,,,,,3991.5,0.0
0,60900,STRAWBERRIES,3991,268,,,,,3992,95,3993.0,173.0,,,3991.5,0.0
0,61000,STRAWBERRIES,3991,228,,,,,3992,57,3993.0,171.0,,,3991.5,0.0
0,61100,STRAWBERRIES,3991,221,,,,,3992,221,,,,,3991.5,0.0
0,61200,STRAWBERRIES,3990,219,,,,,3992,219,,,,,3991.0,0.0
0,61300,STRAWBERRIES,3990,204,,,,,3991,80,3992.0,124.0,,,3990.5,0.0
0,61400,STRAWBERRIES,3990,231,,,,,3992,231,,,,,3991.0,0.0
0,61500,STRAWBERRIES,3990,197,,,,,3991,88,3992.0,109.0,,,3990.5,0.0
0,61600,STRAWBERRIES,3990,225,,,,,3991,225,,,,,3990.5,0.0
0,61700,STRAWBERRIES,3990,247,,,,,3991,56,3992.0,191.0,,,3990.5,0.0
0,61800,STRAWBERRIES,3990,197,,,,,3992,197,,,,,3991.0,0.0
0,61900,STRAWBERRIES,3991,272,,,,,3992,272,,,,,3991.5,0.0
0,62000,STRAWBERRIES,3990,254,,,,,3992,254,,,,,3991.0,0.0
0,62100,STRAWBERRIES,3991,266,,,,,3992,95,3993.0,181.0,,,3991.5,0.0
0,62200,STRAWBERRIES,3991,257,,,,,3992,88,3993.0,169.0,,,3991.5,0.0
0,62300,STRAWBERRIES,3992,92,3991.0,136.0,,,3993,228,,,,,3992.5,0.0
0,62400,STRAWBERRIES,3992,243,,,,,3993,243,,,,,3992.5,0.0
0,62500,STRAWBERRIES,3991,259,,,,,3993,259,,,,,3992.0,0.0
0,62600,STRAWBERRIES,3992,229,,,,,3993,229,,,,,3992.5,0.0
0,62700,STRAWBERRIES,3991,262,,,,,3992,262,,,,,3991.5,0.0
0,62800,STRAWBERRIES,3991,49,3990.0,116.0,,,3992,169,,,,,3991.5,0.0
0,62900,STRAWBERRIES,3991,232,,,,,3992,232,,,,,3991.5,0.0
0,63000,STRAWBERRIES,3990,275,,,,,3992,275,,,,,3991.0,0.0
0,63100,STRAWBERRIES,3991,194,,,,,3992,194,,,,,3991.5,0.0
0,63200,STRAWBERRIES,3990,262,,,,,3992,262,,,,,3991.0,0.0
0,63300,STRAWBERRIES,3990,97,3989.0,179.0,,,3991,276,,,,,3990.5,0.0
0,63400,STRAWBERRIES,3989,52,3988.0,200.0,,,3990,252,,,,,3989.5,0.0
0,63500,STRAWBERRIES,3989,74,3988.0,169.0,,,3990,243,,,,,3989.5,0.0
0,63600,STRAWBERRIES,3988,200,,,,,3989,80,3990.0,120.0,,,3988.5,0.0
0,63700,STRAWBERRIES,3988,203,,,,,3989,71,3990.0,132.0,,,3988.5,0.0
0,63800,STRAWBERRIES,3987,171,,,,,3988,55,3989.0,116.0,,,3987.5,0.0
0,63900,STRAWBERRIES,3987,72,3986.0,178.0,,,3988,250,,,,,3987.5,0.0
0,64000,STRAWBERRIES,3987,69,3986.0,132.0,,,3988,201,,,,,3987.5,0.0
0,64100,STRAWBERRIES,3987,192,,,,,3988,62,3989.0,130.0,,,3987.5,0.0
0,64200,STRAWBERRIES,3987,273,,,,,3989,273,,,,,3988.0,0.0
0,64300,STRAWBERRIES,3987,163,,,,,3989,163,,,,,3988.0,0.0
0,64400,STRAWBERRIES,3987,252,,,,,3989,252,,,,,3988.0,0.0
0,64500,STRAWBERRIES,3987,279,,,,,3989,279,,,,,3988.0,0.0
0,64600,STRAWBERRIES,3987,174,,,,,3989,174,,,,,3988.0,0.0
0,64700,STRAWBERRIES,3987,244,,,,,3989,244,,,,,3988.0,0.0
0,64800,STRAWBERRIES,3987,236,,,,,3988,236,,,,,3987.5,0.0
0,64900,STRAWBERRIES,3987,260,,,,,3988,260,,,,,3987.5,0.0
0,65000,STRAWBERRIES,3987,63,3986.0,131.0,,,3988,194,,,,,3987.5,0.0
0,65100,STRAWBERRIES,3986,166,,,,,3987,62,3988.0,104.0,,,3986.5,0.0
0,65200,STRAWBERRIES,3986,189,,,,,3987,67,3988.0,117.0,,,3986.5,0.0
0,65300,STRAWBERRIES,3986,240,,,,,3988,240,,,,,3987.0,0.0
0,65400,STRAWBERRIES,3986,261,,,,,3988,261,,,,,3987.0,0.0
0,65500,STRAWBERRIES,3986,64,3985.0,144.0,,,3987,208,,,,,3986.5,0.0
0,65600,STRAWBERRIES,3986,76,3985.0,168.0,,,3987,244,,,,,3986.5,0.0
0,65700,STRAWBERRIES,3986,210,,,,,3987,56,3988.0,154.0,,,3986.5,0.0
0,65800,STRAWBERRIES,3986,267,,,,,3988,267,,,,,3987.0,0.0
0,65900,STRAWBERRIES,3986,157,,,,,3988,157,,,,,3987.0,0.0
0,66000,STRAWBERRIES,3986,213,,,,,3988,213,,,,,3987.0,0.0
0,66100,STRAWBERRIES,3986,181,,,,,3988,181,,,,,3987.0,0.0
0,66200,STRAWBERRIES,3987,60,3986.0,116.0,,,3988,176,,,,,3987.5,0.0
0,66300,STRAWBERRIES,3987,209,,,,,3988,209,,,,,3987.5,0.0
0,66400,STRAWBERRIES,3987,233,,,,,3989,233,,,,,3988.0,0.0
0,66500,STRAWBERRIES,3987,273,,,,,3989,273,,,,,3988.0,0.0
0,66600,STRAWBERRIES,3987,216,,,,,3989,225,,,,,3988.0,0.0
0,66700,STRAWBERRIES,3987,201,,,,,3988,83,3989.0,118.0,,,3987.5,0.0
0,66800,STRAWBERRIES,3987,283,,,,,3989,283,,,,,3988.0,0.0
0,66900,STRAWBERRIES,3986,219,,,,,3988,219,,,,,3987.0,0.0
0,67000,STRAWBERRIES,3987,11,3986.0,274.0,,,3988,274,,,,,3987.5,0.0
0,67100,STRAWBERRIES,3987,87,3986.0,177.0,,,3988,255,,,,,3987.5,0.0
0,67200,STRAWBERRIES,3987,59,3986.0,185.0,,,3988,244,,,,,3987.5,0.0
0,67300,STRAWBERRIES,3986,289,,,,,3988,289,,,,,3987.0,0.0
0,67400,STRAWBERRIES,3986,220,,,,,3988,211,,,,,3987.0,0.0
0,67500,STRAWBERRIES,3987,53,3986.0,103.0,,,3988,156,,,,,3987.5,0.0
0,67600,STRAWBERRIES,3987,228,,,,,3988,228,,,,,3987.5,0.0
0,67700,STRAWBERRIES,3987,241,,,,,3989,241,,,,,3988.0,0.0
0,67800,STRAWBERRIES,3988,72,3987.0,105.0,,,3989,177,,,,,3988.5,0.0
0,67900,STRAWBERRIES,3988,241,,,,,3989,241,,,,,3988.5,0.0
0,68000,STRAWBERRIES,3988,95,3987.0,116.0,,,3989,211,,,,,3988.5,0.0
0,68100,STRAWBERRIES,3987,254,,,,,3989,254,,,,,3988.0,0.0
0,68200,STRAWBERRIES,3987,181,,,,,3988,66,3989.0,115.0,,,3987.5,0.0
0,68300,STRAWBERRIES,3987,282,,,,,3988,86,3989.0,196.0,,,3987.5,0.0
0,68400,STRAWBERRIES,3988,62,3987.0,124.0,,,3989,186,,,,,3988.5,0.0
0,68500,STRAWBERRIES,3987,249,,,,,3988,57,3989.0,198.0,,,3987.5,0.0
0,68600,STRAWBERRIES,3987,223,,,,,3988,72,3989.0,151.0,,,3987.5,0.0
0,68700,STRAWBERRIES,3986,257,,,,,3988,257,,,,,3987.0,0.0
0,68800,STRAWBERRIES,3986,277,,,,,3987,82,3988.0,195.0,,,3986.5,0.0
0,68900,STRAWBERRIES,3986,206,,,,,3988,206,,,,,3987.0,0.0
0,69000,STRAWBERRIES,3986,196,,,,,3988,196,,,,,3987.0,0.0
0,69100,STRAWBERRIES,3987,256,,,,,3988,57,3989.0,199.0,,,3987.5,0.0
0,69200,STRAWBERRIES,3986,239,,,,,3987,82,3988.0,157.0,,,3986.5,0.0
0,69300,STRAWBERRIES,3986,267,,,,,3988,267,,,,,3987.0,0.0
0,69400,STRAWBERRIES,3987,275,,,,,3988,96,3989.0,179.0,,,3987.5,0.0
0,69500,STRAWBERRIES,3988,77,3987.0,163.0,,,3989,240,,,,,3988.5,0.0
0,69600,STRAWBERRIES,3987,187,,,,,3989,187,,,,,3988.0,0.0
0,69700,STRAWBERRIES,3987,195,,,,,3988,56,3989.0,150.0,,,3987.5,0.0
0,69800,STRAWBERRIES,3987,205,,,,,3989,205,,,,,3988.0,0.0
0,69900,STRAWBERRIES,3987,265,,,,,3988,5,3989.0,265.0,,,3987.5,0.0
0,70000,STRAWBERRIES,3987,240,,,,,3989,240,,,,,3988.0,0.0
0,70100,STRAWBERRIES,3987,210,,,,,3989,210,,,,,3988.0,0.0
0,70200,STRAWBERRIES,3988,225,,,,,3989,99,3990.0,126.0,,,3988.5,0.0
0,70300,STRAWBERRIES,3988,206,,,,,3990,206,,,,,3989.0,0.0
0,70400,STRAWBERRIES,3988,231,,,,,3990,231,,,,,3989.0,0.0
0,70500,STRAWBERRIES,3989,98,3988.0,119.0,,,3990,217,,,,,3989.5,0.0
0,70600,STRAWBERRIES,3989,255,,,,,3990,255,,,,,3989.5,0.0
0,70700,STRAWBERRIES,3989,164,,,,,3991,164,,,,,3990.0,0.0
0,70800,STRAWBERRIES,3989,204,,,,,3990,204,,,,,3989.5,0.0
0,70900,STRAWBERRIES,3988,205,,,,,3990,205,,,,,3989.0,0.0
0,71000,STRAWBERRIES,3988,235,,,,,3990,243,,,,,3989.0,0.0
0,71100,STRAWBERRIES,3988,211,,,,,3989,211,,,,,3988.5,0.0
0,71200,STRAWBERRIES,3987,239,,,,,3989,239,,,,,3988.0,0.0
0,71300,STRAWBERRIES,3988,187,,,,,3989,187,,,,,3988.5,0.0
0,71400,STRAWBERRIES,3988,257,,,,,3989,58,3990.0,199.0,,,3988.5,0.0
0,71500,STRAWBERRIES,3989,51,3988.0,190.0,,,3990,241,,,,,3989.5,0.0
0,71600,STRAWBERRIES,3988,229,,,,,3990,229,,,,,3989.0,0.0
0,71700,STRAWBERRIES,3989,172,,,,,3990,168,,,,,3989.5,0.0
0,71800,STRAWBERRIES,3989,70,3988.0,145.0,,,3990,215,,,,,3989.5,0.0
0,71900,STRAWBERRIES,3989,70,3988.0,193.0,,,3990,263,,,,,3989.5,0.0
0,72000,STRAWBERRIES,3988,171,,,,,3990,171,,,,,3989.0,0.0
0,72100,STRAWBERRIES,3988,192,,,,,3989,55,3990.0,137.0,,,3988.5,0.0
0,72200,STRAWBERRIES,3988,176,,,,,3990,176,,,,,3989.0,0.0
0,72300,STRAWBERRIES,3988,178,,,,,3989,178,,,,,3988.5,0.0
0,72400,STRAWBERRIES,3988,193,,,,,3989,193,,,,,3988.5,0.0
0,72500,STRAWBERRIES,3988,96,3987.0,128.0,,,3989,224,,,,,3988.5,0.0
0,72600,STRAWBERRIES,3987,232,,,,,3989,232,,,,,3988.0,0.0
0,72700,STRAWBERRIES,3987,188,,,,,3988,188,,,,,3987.5,0.0
0,72800,STRAWBERRIES,3987,251,,,,,3988,251,,,,,3987.5,0.0
0,72900,STRAWBERRIES,3987,213,,,,,3988,213,,,,,3987.5,0.0
0,73000,STRAWBERRIES,3986,193,,,,,3987,189,,,,,3986.5,0.0
0,73100,STRAWBERRIES,3986,229,,,,,3987,50,3988.0,179.0,,,3986.5,0.0
0,73200,STRAWBERRIES,3985,249,,,,,3987,249,,,,,3986.0,0.0
0,73300,STRAWBERRIES,3985,253,,,,,3986,253,,,,,3985.5,0.0
0,73400,STRAWBERRIES,3985,272,,,,,3986,87,3987.0,185.0,,,3985.5,0.0
0,73500,STRAWBERRIES,3985,242,,,,,3986,242,,,,,3985.5,0.0
0,73600,STRAWBERRIES,3985,79,3984.0,180.0,,,3986,259,,,,,3985.5,0.0
0,73700,STRAWBERRIES,3985,242,,,,,3986,74,3987.0,168.0,,,3985.5,0.0
0,73800,STRAWBERRIES,3985,256,,,,,3986,256,,,,,3985.5,0.0
0,73900,STRAWBERRIES,3984,198,,,,,3985,78,3986.0,120.0,,,3984.5,0.0
0,74000,STRAWBERRIES,3984,210,,,,,3986,210,,,,,3985.0,0.0
0,74100,STRAWBERRIES,3984,214,,,,,3985,9,3986.0,214.0,,,3984.5,0.0
0,74200,STRAWBERRIES,3984,255,,,,,3986,255,,,,,3985.0,0.0
0,74300,STRAWBERRIES,3984,212,,,,,3986,212,,,,,3985.0,0.0
0,74400,STRAWBERRIES,3984,238,,,,,3986,238,,,,,3985.0,0.0
0,74500,STRAWBERRIES,3984,185,,,,,3985,56,3986.0,129.0,,,3984.5,0.0
0,74600,STRAWBERRIES,3984,228,,,,,3986,228,,,,,3985.0,0.0
0,74700,STRAWBERRIES,3985,212,,,,,3986,201,,,,,3985.5,0.0
0,74800,STRAWBERRIES,3985,247,,,,,3986,242,,,,,3985.5,0.0
0,74900,STRAWBERRIES,3984,229,,,,,3986,229,,,,,3985.0,0.0
0,75000,STRAWBERRIES,3985,184,,,,,3987,184,,,,,3986.0,0.0
0,75100,STRAWBERRIES,3985,54,3984.0,173.0,,,3986,227,,,,,3985.5,0.0
0,75200,STRAWBERRIES,3985,188,,,,,3986,81,3987.0,107.0,,,3985.5,0.0
0,75300,STRAWBERRIES,3985,230,,,,,3986,89,3987.0,141.0,,,3985.5,0.0
0,75400,STRAWBERRIES,3985,234,,,,,3987,234,,,,,3986.0,0.0
0,75500,STRAWBERRIES,3985,213,,,,,3987,213,,,,,3986.0,0.0
0,75600,STRAWBERRIES,3985,229,,,,,3987,229,,,,,3986.0,0.0
0,75700,STRAWBERRIES,3985,172,,,,,3987,172,,,,,3986.0,0.0
0,75800,STRAWBERRIES,3986,252,,,,,3987,63,3988.0,189.0,,,3986.5,0.0
0,75900,STRAWBERRIES,3986,254,,,,,3987,254,,,,,3986.5,0.0
0,76000,STRAWBERRIES,3986,218,,,,,3988,228,,,,,3987.0,0.0
0,76100,STRAWBERRIES,3986,246,,,,,3987,66,3988.0,180.0,,,3986.5,0.0
0,76200,STRAWBERRIES,3986,302,,,,,3987,291,,,,,3986.5,0.0
0,76300,STRAWBERRIES,3986,90,3985.0,168.0,,,3987,258,,,,,3986.5,0.0
0,76400,STRAWBERRIES,3985,218,,,,,3987,218,,,,,3986.0,0.0
0,76500,STRAWBERRIES,3985,232,,,,,3987,232,,,,,3986.0,0.0
0,76600,STRAWBERRIES,3986,96,3985.0,198.0,,,3987,294,,,,,3986.5,0.0
0,76700,STRAWBERRIES,3986,69,3985.0,109.0,,,3987,178,,,,,3986.5,0.0
0,76800,STRAWBERRIES,3986,222,,,,,3987,80,3988.0,142.0,,,3986.5,0.0
0,76900,STRAWBERRIES,3986,173,,,,,3988,173,,,,,3987.0,0.0
0,77000,STRAWBERRIES,3986,223,,,,,3987,62,3988.0,161.0,,,3986.5,0.0
0,77100,STRAWBERRIES,3985,260,,,,,3987,260,,,,,3986.0,0.0
0,77200,STRAWBERRIES,3986,176,,,,,3987,176,,,,,3986.5,0.0
0,77300,STRAWBERRIES,3986,244,,,,,3987,73,3988.0,171.0,,,3986.5,0.0
0,77400,STRAWBERRIES,3986,270,,,,,3987,94,3988.0,176.0,,,3986.5,0.0
0,77500,STRAWBERRIES,3985,209,,,,,3987,209,,,,,3986.0,0.0
0,77600,STRAWBERRIES,3985,241,,,,,3986,241,,,,,3985.5,0.0
0,77700,STRAWBERRIES,3985,226,,,,,3986,50,3987.0,176.0,,,3985.5,0.0
0,77800,STRAWBERRIES,3985,268,,,,,3986,85,3987.0,183.0,,,3985.5,0.0
0,77900,STRAWBERRIES,3985,264,,,,,3987,264,,,,,3986.0,0.0
0,78000,STRAWBERRIES,3985,242,,,,,3986,242,,,,,3985.5,0.0
0,78100,STRAWBERRIES,3985,260,,,,,3986,260,,,,,3985.5,0.0
0,78200,STRAWBERRIES,3984,264,,,,,3986,264,,,,,3985.0,0.0
0,78300,STRAWBERRIES,3985,180,,,,,3986,180,,,,,3985.5,0.0
0,78400,STRAWBERRIES,3985,185,,,,,3986,60,3987.0,125.0,,,3985.5,0.0
0,78500,STRAWBERRIES,3985,257,,,,,3987,257,,,,,3986.0,0.0
0,78600,STRAWBERRIES,3985,247,,,,,3987,247,,,,,3986.0,0.0
0,78700,STRAWBERRIES,3985,268,,,,,3987,259,,,,,3986.0,0.0
0,78800,STRAWBERRIES,3986,263,,,,,3987,263,,,,,3986.5,0.0
0,78900,STRAWBERRIES,3986,54,3985.0,155.0,,,3987,219,,,,,3986.5,0.0
0,79000,STRAWBERRIES,3985,214,,,,,3987,214,,,,,3986.0,0.0
0,79100,STRAWBERRIES,3985,288,,,,,3986,96,3987.0,192.0,,,3985.5,0.0
0,79200,STRAWBERRIES,3985,186,,,,,3986,186,,,,,3985.5,0.0
0,79300,STRAWBERRIES,3985,80,3984.0,104.0,,,3986,184,,,,,3985.5,0.0
0,79400,STRAWBERRIES,3985,97,3984.0,115.0,,,3986,212,,,,,3985.5,0.0
0,79500,STRAWBERRIES,3985,273,,,,,3986,273,,,,,3985.5,0.0
0,79600,STRAWBERRIES,3984,254,,,,,3986,254,,,,,3985.0,0.0
0,79700,STRAWBERRIES,3985,235,,,,,3986,235,,,,,3985.5,0.0
0,79800,STRAWBERRIES,3985,224,,,,,3987,224,,,,,3986.0,0.0
0,79900,STRAWBERRIES,3985,247,,,,,3986,6,3987.0,247.0,,,3985.5,0.0
0,80000,STRAWBERRIES,3985,237,,,,,3986,57,3987.0,180.0,,,3985.5,0.0
0,80100,STRAWBERRIES,3985,258,,,,,3987,258,,,,,3986.0,0.0
0,80200,STRAWBERRIES,3986,283,,,,,3987,283,,,,,3986.5,0.0
0,80300,STRAWBERRIES,3986,264,,,,,3987,68,3988.0,196.0,,,3986.5,0.0
0,80400,STRAWBERRIES,3986,170,,,,,3987,66,3988.0,104.0,,,3986.5,0.0
0,80500,STRAWBERRIES,3986,46,3985.0,129.0,,,3987,179,,,,,3986.5,0.0
0,80600,STRAWBERRIES,3985,242,,,,,3987,242,,,,,3986.0,0.0
0,80700,STRAWBERRIES,3985,261,,,,,3987,261,,,,,3986.0,0.0
0,80800,STRAWBERRIES,3985,259,,,,,3986,60,3987.0,199.0,,,3985.5,0.0
0,80900,STRAWBERRIES,3985,243,,,,,3986,77,3987.0,166.0,,,3985.5,0.0
0,81000,STRAWBERRIES,3985,100,3984.0,176.0,,,3986,276,,,,,3985.5,0.0
0,81100,STRAWBERRIES,3984,166,,,,,3986,166,,,,,3985.0,0.0
0,81200,STRAWBERRIES,3985,206,,,,,3986,206,,,,,3985.5,0.0
0,81300,STRAWBERRIES,3985,224,,,,,3986,82,3987.0,142.0,,,3985.5,0.0
0,81400,STRAWBERRIES,3985,182,,,,,3986,51,3987.0,131.0,,,3985.5,0.0
0,81500,STRAWBERRIES,3985,59,3984.0,100.0,,,3986,159,,,,,3985.5,0.0
0,81600,STRAWBERRIES,3984,202,,,,,3986,202,,,,,3985.0,0.0
0,81700,STRAWBERRIES,3984,222,,,,,3986,222,,,,,3985.0,0.0
0,81800,STRAWBERRIES,3985,87,3984.0,140.0,,,3986,227,,,,,3985.5,0.0
0,81900,STRAWBERRIES,3984,215,,,,,3985,11,3986.0,215.0,,,3984.5,0.0
0,82000,STRAWBERRIES,3984,205,,,,,3985,205,,,,,3984.5,0.0
0,82100,STRAWBERRIES,3984,213,,,,,3985,60,3986.0,153.0,,,3984.5,0.0
0,82200,STRAWBERRIES,3984,217,,,,,3985,99,3986.0,118.0,,,3984.5,0.0
0,82300,STRAWBERRIES,3984,72,3983.0,182.0,,,3985,254,,,,,3984.5,0.0
0,82400,STRAWBERRIES,3984,77,3983.0,193.0,,,3985,281,,,,,3984.5,0.0
0,82500,STRAWBERRIES,3983,191,,,,,3985,191,,,,,3984.0,0.0
0,82600,STRAWBERRIES,3983,249,,,,,3985,249,,,,,3984.0,0.0
0,82700,STRAWBERRIES,3983,252,,,,,3985,252,,,,,3984.0,0.0
0,82800,STRAWBERRIES,3983,263,,,,,3985,263,,,,,3984.0,0.0
0,82900,STRAWBERRIES,3983,258,,,,,3984,258,,,,,3983.5,0.0
0,83000,STRAWBERRIES,3984,9,3983.0,214.0,,,3985,214,,,,,3984.5,0.0
0,83100,STRAWBERRIES,3984,180,,,,,3985,180,,,,,3984.5,0.0
0,83200,STRAWBERRIES,3984,179,,,,,3986,179,,,,,3985.0,0.0
0,83300,STRAWBERRIES,3984,186,,,,,3986,186,,,,,3985.0,0.0
0,83400,STRAWBERRIES,3984,177,,,,,3985,60,3986.0,117.0,,,3984.5,0.0
0,83500,STRAWBERRIES,3984,220,,,,,3986,223,,,,,3985.0,0.0
0,83600,STRAWBERRIES,3984,209,,,,,3985,79,3986.0,130.0,,,3984.5,0.0
0,83700,STRAWBERRIES,3984,251,,,,,3985,56,3986.0,195.0,,,3984.5,0.0
0,83800,STRAWBERRIES,3984,222,,,,,3986,212,,,,,3985.0,0.0
0,83900,STRAWBERRIES,3984,60,3983.0,165.0,,,3985,225,,,,,3984.5,0.0
0,84000,STRAWBERRIES,3983,239,,,,,3985,239,,,,,3984.0,0.0
0,84100,STRAWBERRIES,3983,255,,,,,3985,255,,,,,3984.0,0.0
0,84200,STRAWBERRIES,3983,263,,,,,3985,263,,,,,3984.0,0.0
0,84300,STRAWBERRIES,3982,274,,,,,3984,274,,,,,3983.0,0.0
0,84400,STRAWBERRIES,3982,223,,,,,3984,223,,,,,3983.0,0.0
0,84500,STRAWBERRIES,3982,186,,,,,3983,76,3984.0,110.0,,,3982.5,0.0
0,84600,STRAWBERRIES,3983,74,3982.0,172.0,,,3984,246,,,,,3983.5,0.0
0,84700,STRAWBERRIES,3983,56,3982.0,130.0,,,3984,186,,,,,3983.5,0.0
0,84800,STRAWBERRIES,3982,213,,,,,3984,213,,,,,3983.0,0.0
0,84900,STRAWBERRIES,3983,50,3982.0,186.0,,,3984,236,,,,,3983.5,0.0
0,85000,STRAWBERRIES,3982,260,,,,,3984,260,,,,,3983.0,0.0
0,85100,STRAWBERRIES,3983,11,3982.0,220.0,,,3984,220,,,,,3983.5,0.0
0,85200,STRAWBERRIES,3982,286,,,,,3984,286,,,,,3983.0,0.0
0,85300,STRAWBERRIES,3982,263,,,,,3984,263,,,,,3983.0,0.0
0,85400,STRAWBERRIES,3982,213,,,,,3984,213,,,,,3983.0,0.0
0,85500,STRAWBERRIES,3982,242,,,,,3984,242,,,,,3983.0,0.0
0,85600,STRAWBERRIES,3982,263,,,,,3984,263,,,,,3983.0,0.0
0,85700,STRAWBERRIES,3983,157,,,,,3984,157,,,,,3983.5,0.0
0,85800,STRAWBERRIES,3983,212,,,,,3984,70,3985.0,142.0,,,3983.5,0.0
0,85900,STRAWBERRIES,3982,233,,,,,3984,233,,,,,3983.0,0.0
0,86000,STRAWBERRIES,3982,205,,,,,3984,205,,,,,3983.0,0.0
0,86100,STRAWBERRIES,3983,60,3982.0,126.0,,,3984,186,,,,,3983.5,0.0
0,86200,STRAWBERRIES,3982,284,,,,,3984,284,,,,,3983.0,0.0
0,86300,STRAWBERRIES,3982,258,,,,,3983,75,3984.0,183.0,,,3982.5,0.0
0,86400,STRAWBERRIES,3982,222,,,,,3983,51,3984.0,171.0,,,3982.5,0.0
0,86500,STRAWBERRIES,3982,185,,,,,3983,185,,,,,3982.5,0.0
0,86600,STRAWBERRIES,3981,178,,,,,3983,178,,,,,3982.0,0.0
0,86700,STRAWBERRIES,3982,100,3981.0,126.0,,,3983,226,,,,,3982.5,0.0
0,86800,STRAWBERRIES,3982,266,,,,,3983,266,,,,,3982.5,0.0
0,86900,STRAWBERRIES,3982,216,,,,,3983,52,3984.0,161.0,,,3982.5,0.0
0,87000,STRAWBERRIES,3982,202,,,,,3983,90,3984.0,112.0,,,3982.5,0.0
0,87100,STRAWBERRIES,3982,246,,,,,3984,243,,,,,3983.0,0.0
0,87200,STRAWBERRIES,3983,65,3982.0,180.0,,,3984,245,,,,,3983.5,0.0
0,87300,STRAWBERRIES,3983,197,,,,,3984,98,3985.0,102.0,,,3983.5,0.0
0,87400,STRAWBERRIES,3983,220,,,,,3985,220,,,,,3984.0,0.0
0,87500,STRAWBERRIES,3984,289,,,,,3985,289,,,,,3984.5,0.0
0,87600,STRAWBERRIES,3984,214,,,,,3985,78,3986.0,146.0,,,3984.5,0.0
0,87700,STRAWBERRIES,3984,269,,,,,3986,260,,,,,3985.0,0.0
0,87800,STRAWBERRIES,3984,78,3983.0,103.0,,,3985,181,,,,,3984.5,0.0
0,87900,STRAWBERRIES,3983,242,,,,,3985,242,,,,,3984.0,0.0
0,88000,STRAWBERRIES,3983,198,,,,,3985,198,,,,,3984.0,0.0
0,88100,STRAWBERRIES,3984,55,3983.0,116.0,,,3985,171,,,,,3984.5,0.0
0,88200,STRAWBERRIES,3984,75,3983.0,135.0,,,3985,210,,,,,3984.5,0.0
0,88300,STRAWBERRIES,3984,171,,,,,3985,51,3986.0,120.0,,,3984.5,0.0
0,88400,STRAWBERRIES,3984,224,,,,,3985,50,3986.0,174.0,,,3984.5,0.0
0,88500,STRAWBERRIES,3984,236,,,,,3986,236,,,,,3985.0,0.0
0,88600,STRAWBERRIES,3985,61,3984.0,114.0,,,3986,172,,,,,3985.5,0.0
0,88700,STRAWBERRIES,3984,216,,,,,3986,216,,,,,3985.0,0.0
0,88800,STRAWBERRIES,3985,51,3984.0,196.0,,,3986,247,,,,,3985.5,0.0
0,88900,STRAWBERRIES,3985,175,,,,,3987,175,,,,,3986.0,0.0
0,89000,STRAWBERRIES,3985,212,,,,,3987,212,,,,,3986.0,0.0
0,89100,STRAWBERRIES,3985,97,3984.0,184.0,,,3986,281,,,,,3985.5,0.0
0,89200,STRAWBERRIES,3985,219,,,,,3986,62,3987.0,157.0,,,3985.5,0.0
0,89300,STRAWBERRIES,3985,169,,,,,3986,169,,,,,3985.5,0.0
0,89400,STRAWBERRIES,3985,70,3984.0,152.0,,,3986,222,,,,,3985.5,0.0
0,89500,STRAWBERRIES,3985,8,3984.0,239.0,,,3986,239,,,,,3985.5,0.0
0,89600,STRAWBERRIES,3984,206,,,,,3986,206,,,,,3985.0,0.0
0,89700,STRAWBERRIES,3985,93,3984.0,109.0,,,3986,202,,,,,3985.5,0.0
0,89800,STRAWBERRIES,3985,219,,,,,3986,219,,,,,3985.5,0.0
0,89900,STRAWBERRIES,3985,246,,,,,3986,246,,,,,3985.5,0.0
0,90000,STRAWBERRIES,3985,280,,,,,3987,280,,,,,3986.0,0.0
0,90100,STRAWBERRIES,3985,222,,,,,3986,54,3987.0,168.0,,,3985.5,0.0
0,90200,STRAWBERRIES,3985,178,,,,,3987,178,,,,,3986.0,0.0
0,90300,STRAWBERRIES,3985,182,,,,,3986,182,,,,,3985.5,0.0
0,90400,STRAWBERRIES,3984,271,,,,,3986,271,,,,,3985.0,0.0
0,90500,STRAWBERRIES,3985,178,,,,,3986,178,,,,,3985.5,0.0
0,90600,STRAWBERRIES,3984,235,,,,,3986,235,,,,,3985.0,0.0
0,90700,STRAWBERRIES,3985,177,,,,,3986,177,,,,,3985.5,0.0
0,90800,STRAWBERRIES,3985,271,,,,,3986,271,,,,,3985.5,0.0
0,90900,STRAWBERRIES,3985,275,,,,,3987,275,,,,,3986.0,0.0
0,91000,STRAWBERRIES,3985,298,,,,,3987,298,,,,,3986.0,0.0
0,91100,STRAWBERRIES,3986,5,3985.0,242.0,,,3987,242,,,,,3986.5,0.0
0,91200,STRAWBERRIES,3985,236,,,,,3986,89,3987.0,147.0,,,3985.5,0.0
0,91300,STRAWBERRIES,3985,170,,,,,3986,170,,,,,3985.5,0.0
0,91400,STRAWBERRIES,3985,251,,,,,3987,251,,,,,3986.0,0.0
0,91500,STRAWBERRIES,3986,5,3985.0,206.0,,,3987,206,,,,,3986.5,0.0
0,91600,STRAWBERRIES,3986,240,,,,,3987,92,3988.0,148.0,,,3986.5,0.0
0,91700,STRAWBERRIES,3986,276,,,,,3987,276,,,,,3986.5,0.0
0,91800,STRAWBERRIES,3986,53,3985.0,167.0,,,3987,220,,,,,3986.5,0.0
0,91900,STRAWBERRIES,3985,198,,,,,3987,198,,,,,3986.0,0.0
0,92000,STRAWBERRIES,3985,211,,,,,3987,211,,,,,3986.0,0.0
0,92100,STRAWBERRIES,3986,219,,,,,3987,78,3988.0,141.0,,,3986.5,0.0
0,92200,STRAWBERRIES,3986,235,,,,,3987,235,,,,,3986.5,0.0
0,92300,STRAWBERRIES,3986,53,3985.0,122.0,,,3987,175,,,,,3986.5,0.0
0,92400,STRAWBERRIES,3986,63,3985.0,189.0,,,3987,252,,,,,3986.5,0.0
0,92500,STRAWBERRIES,3985,192,,,,,3987,192,,,,,3986.0,0.0
0,92600,STRAWBERRIES,3985,227,,,,,3987,227,,,,,3986.0,0.0
0,92700,STRAWBERRIES,3986,64,3985.0,125.0,,,3987,189,,,,,3986.5,0.0
0,92800,STRAWBERRIES,3986,210,,,,,3987,210,,,,,3986.5,0.0
0,92900,STRAWBERRIES,3986,70,3985.0,158.0,,,3987,228,,,,,3986.5,0.0
0,93000,STRAWBERRIES,3986,74,3985.0,156.0,,,3987,230,,,,,3986.5,0.0
0,93100,STRAWBERRIES,3985,244,,,,,3987,244,,,,,3986.0,0.0
0,93200,STRAWBERRIES,3986,245,,,,,3987,70,3988.0,175.0,,,3986.5,0.0
0,93300,STRAWBERRIES,3986,192,,,,,3987,192,,,,,3986.5,0.0
0,93400,STRAWBERRIES,3986,166,,,,,3987,166,,,,,3986.5,0.0
0,93500,STRAWBERRIES,3986,245,,,,,3987,71,3988.0,174.0,,,3986.5,0.0
0,93600,STRAWBERRIES,3986,211,,,,,3988,211,,,,,3987.0,0.0
0,93700,STRAWBERRIES,3987,187,,,,,3988,187,,,,,3987.5,0.0
0,93800,STRAWBERRIES,3987,227,,,,,3989,227,,,,,3988.0,0.0
0,93900,STRAWBERRIES,3988,259,,,,,3989,259,,,,,3988.5,0.0
0,94000,STRAWBERRIES,3988,262,,,,,3990,262,,,,,3989.0,0.0
0,94100,STRAWBERRIES,3989,74,3988.0,178.0,,,3990,252,,,,,3989.5,0.0
0,94200,STRAWBERRIES,3989,55,3988.0,147.0,,,3990,202,,,,,3989.5,0.0
0,94300,STRAWBERRIES,3988,253,,,,,3990,253,,,,,3989.0,0.0
0,94400,STRAWBERRIES,3989,194,,,,,3990,71,3991.0,123.0,,,3989.5,0.0
0,94500,STRAWBERRIES,3989,235,,,,,3990,235,,,,,3989.5,0.0
0,94600,STRAWBERRIES,3989,168,,,,,3991,175,,,,,3990.0,0.0
0,94700,STRAWBERRIES,3989,274,,,,,3991,274,,,,,3990.0,0.0
0,94800,STRAWBERRIES,3990,196,,,,,3991,196,,,,,3990.5,0.0
0,94900,STRAWBERRIES,3990,93,3989.0,130.0,,,3991,223,,,,,3990.5,0.0
0,95000,STRAWBERRIES,3990,181,,,,,3991,181,,,,,3990.5,0.0
0,95100,STRAWBERRIES,3990,164,,,,,3991,76,3992.0,100.0,,,3990.5,0.0
0,95200,STRAWBERRIES,3990,262,,,,,3991,87,3992.0,175.0,,,3990.5,0.0
0,95300,STRAWBERRIES,3991,67,3990.0,118.0,,,3992,185,,,,,3991.5,0.0
0,95400,STRAWBERRIES,3991,51,3990.0,120.0,,,3992,171,,,,,3991.5,0.0
0,95500,STRAWBERRIES,3991,212,,,,,3992,82,3993.0,130.0,,,3991.5,0.0
0,95600,STRAWBERRIES,3991,205,,,,,3992,87,3993.0,114.0,,,3991.5,0.0
0,95700,STRAWBERRIES,3991,275,,,,,3993,275,,,,,3992.0,0.0
0,95800,STRAWBERRIES,3992,68,3991.0,171.0,,,3993,239,,,,,3992.5,0.0
0,95900,STRAWBERRIES,3992,198,,,,,3993,198,,,,,3992.5,0.0
0,96000,STRAWBERRIES,3992,200,,,,,3993,200,,,,,3992.5,0.0
0,96100,STRAWBERRIES,3992,168,,,,,3994,168,,,,,3993.0,0.0
0,96200,STRAWBERRIES,3992,89,3991.0,128.0,,,3993,217,,,,,3992.5,0.0
0,96300,STRAWBERRIES,3992,208,,,,,3993,95,3994.0,113.0,,,3992.5,0.0
0,96400,STRAWBERRIES,3992,193,,,,,3994,193,,,,,3993.0,0.0
0,96500,STRAWBERRIES,3993,204,,,,,3995,204,,,,,3994.0,0.0
0,96600,STRAWBERRIES,3993,211,,,,,3994,79,3995.0,132.0,,,3993.5,0.0
0,96700,STRAWBERRIES,3993,258,,,,,3995,258,,,,,3994.0,0.0
0,96800,STRAWBERRIES,3993,89,3992.0,157.0,,,3994,246,,,,,3993.5,0.0
0,96900,STRAWBERRIES,3993,247,,,,,3994,247,,,,,3993.5,0.0
0,97000,STRAWBERRIES,3992,203,,,,,3994,203,,,,,3993.0,0.0
0,97100,STRAWBERRIES,3993,51,3992.0,160.0,,,3994,211,,,,,3993.5,0.0
0,97200,STRAWBERRIES,3993,5,3992.0,277.0,,,3994,277,,,,,3993.5,0.0
0,97300,STRAWBERRIES,3993,165,,,,,3995,176,,,,,3994.0,0.0
0,97400,STRAWBERRIES,3993,213,,,,,3995,220,,,,,3994.0,0.0
0,97500,STRAWBERRIES,3993,240,,,,,3995,240,,,,,3994.0,0.0
0,97600,STRAWBERRIES,3993,225,,,,,3995,225,,,,,3994.0,0.0
0,97700,STRAWBERRIES,3993,259,,,,,3994,67,3995.0,192.0,,,3993.5,0.0
0,97800,STRAWBERRIES,3993,55,3992.0,147.0,,,3994,202,,,,,3993.5,0.0
0,97900,STRAWBERRIES,3993,209,,,,,3994,209,,,,,3993.5,0.0
0,98000,STRAWBERRIES,3993,221,,,,,3995,221,,,,,3994.0,0.0
0,98100,STRAWBERRIES,3993,201,,,,,3994,92,3995.0,109.0,,,3993.5,0.0
0,98200,STRAWBERRIES,3993,204,,,,,3995,204,,,,,3994.0,0.0
0,98300,STRAWBERRIES,3993,190,,,,,3995,190,,,,,3994.0,0.0
0,98400,STRAWBERRIES,3993,242,,,,,3994,242,,,,,3993.5,0.0
0,98500,STRAWBERRIES,3993,152,,,,,3994,52,3995.0,100.0,,,3993.5,0.0
0,98600,STRAWBERRIES,3994,273,,,,,3995,273,,,,,3994.5,0.0
0,98700,STRAWBERRIES,3994,241,,,,,3995,73,3996.0,168.0,,,3994.5,0.0
0,98800,STRAWBERRIES,3994,200,,,,,3996,200,,,,,3995.0,0.0
0,98900,STRAWBERRIES,3994,189,,,,,3996,189,,,,,3995.0,0.0
0,99000,STRAWBERRIES,3994,254,,,,,3995,74,3996.0,180.0,,,3994.5,0.0
0,99100,STRAWBERRIES,3995,81,3994.0,148.0,,,3996,229,,,,,3995.5,0.0
0,99200,STRAWBERRIES,3995,60,3994.0,141.0,,,3996,201,,,,,3995.5,0.0
0,99300,STRAWBERRIES,3994,199,,,,,3996,199,,,,,3995.0,0.0
0,99400,STRAWBERRIES,3995,174,,,,,3996,59,3997.0,115.0,,,3995.5,0.0
0,99500,STRAWBERRIES,3995,210,,,,,3996,210,,,,,3995.5,0.0
0,99600,STRAWBERRIES,3995,215,,,,,3996,215,,,,,3995.5,0.0
0,99700,STRAWBERRIES,3995,197,,,,,3996,50,3997.0,147.0,,,3995.5,0.0
0,99800,STRAWBERRIES,3995,226,,,,,3997,226,,,,,3996.0,0.0
0,99900,STRAWBERRIES,3995,273,,,,,3997,273,,,,,3996.0,0.0
0,100000,STRAWBERRIES,3995,177,,,,,3997,177,,,,,3996.0,0.0
0,100100,STRAWBERRIES,3996,238,,,,,3997,77,3998.0,161.0,,,3996.5,0.0
0,100200,STRAWBERRIES,3997,81,3996.0,169.0,,,3998,250,,,,,3997.5,0.0
0,100300,STRAWBERRIES,3997,253,,,,,3998,253,,,,,3997.5,0.0
0,100400,STRAWBERRIES,3997,279,,,,,3999,279,,,,,3998.0,0.0
0,100500,STRAWBERRIES,3998,94,3997.0,135.0,,,3999,229,,,,,3998.5,0.0
0,100600,STRAWBERRIES,3998,94,3997.0,165.0,,,3999,259,,,,,3998.5,0.0
0,100700,STRAWBERRIES,3998,63,3997.0,134.0,,,3999,197,,,,,3998.5,0.0
0,100800,STRAWBERRIES,3999,56,3998.0,114.0,,,4000,170,,,,,3999.5,0.0
0,100900,STRAWBERRIES,3999,209,,,,,4001,209,,,,,4000.0,0.0
0,101000,STRAWBERRIES,4000,66,3999.0,108.0,,,4001,174,,,,,4000.5,0.0
0,101100,STRAWBERRIES,4000,243,,,,,4001,95,4002.0,137.0,,,4000.5,0.0
0,101200,STRAWBERRIES,3999,197,,,,,4001,197,,,,,4000.0,0.0
0,101300,STRAWBERRIES,3999,288,,,,,4000,91,4001.0,197.0,,,3999.5,0.0
0,101400,STRAWBERRIES,3999,264,,,,,4001,264,,,,,4000.0,0.0
0,101500,STRAWBERRIES,4000,85,3999.0,184.0,,,4001,278,,,,,4000.5,0.0
0,101600,STRAWBERRIES,3998,226,,,,,3999,85,4000.0,141.0,,,3998.5,0.0
0,101700,STRAWBERRIES,3998,184,,,,,3999,54,4000.0,130.0,,,3998.5,0.0
0,101800,STRAWBERRIES,3997,246,,,,,3998,100,3999.0,146.0,,,3997.5,0.0
0,101900,STRAWBERRIES,3997,94,3996.0,103.0,,,3998,197,,,,,3997.5,0.0
0,102000,STRAWBERRIES,3996,245,,,,,3997,97,3998.0,148.0,,,3996.5,0.0
0,102100,STRAWBERRIES,3996,159,,,,,3997,57,3998.0,102.0,,,3996.5,0.0
0,102200,STRAWBERRIES,3996,78,3995.0,192.0,,,3997,270,,,,,3996.5,0.0
0,102300,STRAWBERRIES,3996,72,3995.0,118.0,,,3997,190,,,,,3996.5,0.0
0,102400,STRAWBERRIES,3996,250,,,,,3997,250,,,,,3996.5,0.0
0,102500,STRAWBERRIES,3996,72,3995.0,115.0,,,3997,187,,,,,3996.5,0.0
0,102600,STRAWBERRIES,3996,270,,,,,3998,270,,,,,3997.0,0.0
0,102700,STRAWBERRIES,3997,73,3996.0,153.0,,,3998,226,,,,,3997.5,0.0
0,102800,STRAWBERRIES,3996,250,,,,,3998,250,,,,,3997.0,0.0
0,102900,STRAWBERRIES,3996,286,,,,,3997,286,,,,,3996.5,0.0
0,103000,STRAWBERRIES,3996,77,3995.0,101.0,,,3997,178,,,,,3996.5,0.0
0,103100,STRAWBERRIES,3996,245,,,,,3998,245,,,,,3997.0,0.0
0,103200,STRAWBERRIES,3996,178,,,,,3997,187,,,,,3996.5,0.0
0,103300,STRAWBERRIES,3996,235,,,,,3998,235,,,,,3997.0,0.0
0,103400,STRAWBERRIES,3996,236,,,,,3998,236,,,,,3997.0,0.0
0,103500,STRAWBERRIES,3997,227,,,,,3998,227,,,,,3997.5,0.0
0,103600,STRAWBERRIES,3997,60,3996.0,178.0,,,3998,238,,,,,3997.5,0.0
0,103700,STRAWBERRIES,3997,223,,,,,3998,66,3999.0,157.0,,,3997.5,0.0
0,103800,STRAWBERRIES,3997,88,3996.0,165.0,,,3998,253,,,,,3997.5,0.0
0,103900,STRAWBERRIES,3997,155,,,,,3998,152,,,,,3997.5,0.0
0,104000,STRAWBERRIES,3997,221,,,,,3999,221,,,,,3998.0,0.0
0,104100,STRAWBERRIES,3998,73,3997.0,128.0,,,3999,201,,,,,3998.5,0.0
0,104200,STRAWBERRIES,3998,4,3997.0,177.0,,,3999,177,,,,,3998.5,0.0
0,104300,STRAWBERRIES,3998,71,3997.0,106.0,,,3999,177,,,,,3998.5,0.0
0,104400,STRAWBERRIES,3998,172,,,,,4000,180,,,,,3999.0,0.0
0,104500,STRAWBERRIES,3998,227,,,,,4000,227,,,,,3999.0,0.0
0,104600,STRAWBERRIES,3998,275,,,,,3999,92,4000.0,183.0,,,3998.5,0.0
0,104700,STRAWBERRIES,3998,55,3997.0,181.0,,,3999,236,,,,,3998.5,0.0
0,104800,STRAWBERRIES,3997,215,,,,,3999,215,,,,,3998.0,0.0
0,104900,STRAWBERRIES,3997,172,,,,,3998,172,,,,,3997.5,0.0
0,105000,STRAWBERRIES,3996,197,,,,,3998,197,,,,,3997.0,0.0
0,105100,STRAWBERRIES,3997,221,,,,,3999,221,,,,,3998.0,0.0
0,105200,STRAWBERRIES,3997,236,,,,,3998,236,,,,,3997.5,0.0
0,105300,STRAWBERRIES,3997,265,,,,,3999,265,,,,,3998.0,0.0
0,105400,STRAWBERRIES,3997,264,,,,,3999,264,,,,,3998.0,0.0
0,105500,STRAWBERRIES,3998,165,,,,,3999,165,,,,,3998.5,0.0
0,105600,STRAWBERRIES,3998,175,,,,,3999,175,,,,,3998.5,0.0
0,105700,STRAWBERRIES,3997,188,,,,,3999,188,,,,,3998.0,0.0
0,105800,STRAWBERRIES,3998,167,,,,,4000,167,,,,,3999.0,0.0
0,105900,STRAWBERRIES,3998,213,,,,,4000,213,,,,,3999.0,0.0
0,106000,STRAWBERRIES,3999,183,,,,,4000,51,4001.0,132.0,,,3999.5,0.0
0,106100,STRAWBERRIES,3999,256,,,,,4000,70,4001.0,186.0,,,3999.5,0.0
0,106200,STRAWBERRIES,3999,194,,,,,4001,194,,,,,4000.0,0.0
0,106300,STRAWBERRIES,3999,256,,,,,4001,262,,,,,4000.0,0.0
0,106400,STRAWBERRIES,3999,211,,,,,4000,69,4001.0,142.0,,,3999.5,0.0
0,106500,STRAWBERRIES,3999,53,3998.0,194.0,,,4000,247,,,,,3999.5,0.0
0,106600,STRAWBERRIES,3999,257,,,,,4001,257,,,,,4000.0,0.0
0,106700,STRAWBERRIES,3999,261,,,,,4000,261,,,,,3999.5,0.0
0,106800,STRAWBERRIES,3999,168,,,,,4001,168,,,,,4000.0,0.0
0,106900,STRAWBERRIES,3999,199,,,,,4001,199,,,,,4000.0,0.0
0,107000,STRAWBERRIES,3999,194,,,,,4000,87,4001.0,107.0,,,3999.5,0.0
0,107100,STRAWBERRIES,3999,184,,,,,4001,177,,,,,4000.0,0.0
0,107200,STRAWBERRIES,3999,246,,,,,4000,246,,,,,3999.5,0.0
0,107300,STRAWBERRIES,3999,238,,,,,4001,230,,,,,4000.0,0.0
0,107400,STRAWBERRIES,4000,10,3999.0,208.0,,,4001,208,,,,,4000.5,0.0
0,107500,STRAWBERRIES,4000,7,3999.0,175.0,,,4001,175,,,,,4000.5,0.0
0,107600,STRAWBERRIES,4000,180,,,,,4001,180,,,,,4000.5,0.0
0,107700,STRAWBERRIES,4000,96,3999.0,153.0,,,4001,249,,,,,4000.5,0.0
0,107800,STRAWBERRIES,4000,204,,,,,4002,204,,,,,4001.0,0.0
0,107900,STRAWBERRIES,4001,77,4000.0,106.0,,,4002,171,,,,,4001.5,0.0
0,108000,STRAWBERRIES,4000,280,,,,,4002,280,,,,,4001.0,0.0
0,108100,STRAWBERRIES,4000,216,,,,,4002,216,,,,,4001.0,0.0
0,108200,STRAWBERRIES,4000,210,,,,,4001,58,4002.0,152.0,,,4000.5,0.0
0,108300,STRAWBERRIES,3999,233,,,,,4001,245,,,,,4000.0,0.0
0,108400,STRAWBERRIES,3999,218,,,,,4000,9,4001.0,218.0,,,3999.5,0.0
0,108500,STRAWBERRIES,3999,172,,,,,4001,172,,,,,4000.0,0.0
0,108600,STRAWBERRIES,4000,87,3999.0,191.0,,,4001,278,,,,,4000.5,0.0
0,108700,STRAWBERRIES,4000,276,,,,,4001,93,4002.0,183.0,,,4000.5,0.0
0,108800,STRAWBERRIES,3999,249,,,,,4001,249,,,,,4000.0,0.0
0,108900,STRAWBERRIES,3999,273,,,,,4001,273,,,,,4000.0,0.0
0,109000,STRAWBERRIES,3999,237,,,,,4001,237,,,,,4000.0,0.0
0,109100,STRAWBERRIES,3999,82,3998.0,144.0,,,4000,226,,,,,3999.5,0.0
0,109200,STRAWBERRIES,3999,226,,,,,4000,226,,,,,3999.5,0.0
0,109300,STRAWBERRIES,3999,176,,,,,4000,176,,,,,3999.5,0.0
0,109400,STRAWBERRIES,3999,79,3998.0,118.0,,,4000,197,,,,,3999.5,0.0
0,109500,STRAWBERRIES,3999,191,,,,,4001,184,,,,,4000.0,0.0
0,109600,STRAWBERRIES,3999,186,,,,,4001,186,,,,,4000.0,0.0
0,109700,STRAWBERRIES,4000,227,,,,,4002,221,,,,,4001.0,0.0
0,109800,STRAWBERRIES,4000,216,,,,,4001,216,,,,,4000.5,0.0
0,109900,STRAWBERRIES,4000,189,,,,,4001,72,4002.0,117.0,,,4000.5,0.0
0,110000,STRAWBERRIES,4001,70,4000.0,172.0,,,4002,242,,,,,4001.5,0.0
0,110100,STRAWBERRIES,4000,245,,,,,4002,245,,,,,4001.0,0.0
0,110200,STRAWBERRIES,4000,205,,,,,4001,11,4002.0,205.0,,,4000.5,0.0
0,110300,STRAWBERRIES,4000,183,,,,,4001,183,,,,,4000.5,0.0
0,110400,STRAWBERRIES,4000,202,,,,,4001,202,,,,,4000.5,0.0
0,110500,STRAWBERRIES,3999,226,,,,,4001,226,,,,,4000.0,0.0
0,110600,STRAWBERRIES,3999,161,,,,,4001,161,,,,,4000.0,0.0
0,110700,STRAWBERRIES,3999,256,,,,,4001,256,,,,,4000.0,0.0
0,110800,STRAWBERRIES,4000,242,,,,,4001,242,,,,,4000.5,0.0
0,110900,STRAWBERRIES,4000,199,,,,,4001,199,,,,,4000.5,0.0
0,111000,STRAWBERRIES,4000,54,3999.0,156.0,,,4001,210,,,,,4000.5,0.0
0,111100,STRAWBERRIES,4000,77,3999.0,111.0,,,4001,188,,,,,4000.5,0.0
0,111200,STRAWBERRIES,3999,246,,,,,4001,246,,,,,4000.0,0.0
0,111300,STRAWBERRIES,4000,166,,,,,4001,166,,,,,4000.5,0.0
0,111400,STRAWBERRIES,4000,254,,,,,4002,254,,,,,4001.0,0.0
0,111500,STRAWBERRIES,4001,221,,,,,4002,68,4003.0,153.0,,,4001.5,0.0
0,111600,STRAWBERRIES,4001,259,,,,,4002,82,4003.0,177.0,,,4001.5,0.0
0,111700,STRAWBERRIES,4001,203,,,,,4003,203,,,,,4002.0,0.0
0,111800,STRAWBERRIES,4001,163,,,,,4002,56,4003.0,107.0,,,4001.5,0.0
0,111900,STRAWBERRIES,4001,174,,,,,4002,61,4003.0,113.0,,,4001.5,0.0
0,112000,STRAWBERRIES,4001,242,,,,,4002,242,,,,,4001.5,0.0
0,112100,STRAWBERRIES,4001,62,4000.0,185.0,,,4002,247,,,,,4001.5,0.0
0,112200,STRAWBERRIES,4001,239,,,,,4003,239,,,,,4002.0,0.0
0,112300,STRAWBERRIES,4001,297,,,,,4003,297,,,,,4002.0,0.0
0,112400,STRAWBERRIES,4002,192,,,,,4003,192,,,,,4002.5,0.0
0,112500,STRAWBERRIES,4001,257,,,,,4003,257,,,,,4002.0,0.0
0,112600,STRAWBERRIES,4001,190,,,,,4003,190,,,,,4002.0,0.0
0,112700,STRAWBERRIES,4001,54,4000.0,131.0,,,4002,185,,,,,4001.5,0.0
0,112800,STRAWBERRIES,4000,256,,,,,4002,256,,,,,4001.0,0.0
0,112900,STRAWBERRIES,4001,225,,,,,4002,75,4003.0,150.0,,,4001.5,0.0
0,113000,STRAWBERRIES,4001,213,,,,,4003,213,,,,,4002.0,0.0
0,113100,STRAWBERRIES,4001,253,,,,,4003,253,,,,,4002.0,0.0
0,113200,STRAWBERRIES,4002,186,,,,,4003,86,4004.0,100.0,,,4002.5,0.0
0,113300,STRAWBERRIES,4002,179,,,,,4004,179,,,,,4003.0,0.0
0,113400,STRAWBERRIES,4002,72,4001.0,189.0,,,4003,261,,,,,4002.5,0.0
0,113500,STRAWBERRIES,4001,211,,,,,4003,211,,,,,4002.0,0.0
0,113600,STRAWBERRIES,4002,58,4001.0,176.0,,,4003,234,,,,,4002.5,0.0
0,113700,STRAWBERRIES,4002,260,,,,,4003,85,4004.0,175.0,,,4002.5,0.0
0,113800,STRAWBERRIES,4002,62,4001.0,138.0,,,4003,200,,,,,4002.5,0.0
0,113900,STRAWBERRIES,4002,162,,,,,4004,162,,,,,4003.0,0.0
0,114000,STRAWBERRIES,4002,229,,,,,4004,229,,,,,4003.0,0.0
0,114100,STRAWBERRIES,4003,74,4002.0,125.0,,,4004,203,,,,,4003.5,0.0
0,114200,STRAWBERRIES,4002,222,,,,,4004,222,,,,,4003.0,0.0
0,114300,STRAWBERRIES,4002,199,,,,,4004,199,,,,,4003.0,0.0
0,114400,STRAWBERRIES,4003,270,,,,,4004,270,,,,,4003.5,0.0
0,114500,STRAWBERRIES,4003,67,4002.0,168.0,,,4004,235,,,,,4003.5,0.0
0,114600,STRAWBERRIES,4002,204,,,,,4004,204,,,,,4003.0,0.0
0,114700,STRAWBERRIES,4003,194,,,,,4004,194,,,,,4003.5,0.0
0,114800,STRAWBERRIES,4003,257,,,,,4004,65,4005.0,192.0,,,4003.5,0.0
0,114900,STRAWBERRIES,4003,284,,,,,4004,284,,,,,4003.5,0.0
0,115000,STRAWBERRIES,4003,93,4002.0,144.0,,,4004,237,,,,,4003.5,0.0
0,115100,STRAWBERRIES,4003,269,,,,,4004,269,,,,,4003.5,0.0
0,115200,STRAWBERRIES,4002,161,,,,,4004,161,,,,,4003.0,0.0
0,115300,STRAWBERRIES,4003,184,,,,,4004,184,,,,,4003.5,0.0
0,115400,STRAWBERRIES,4003,263,,,,,4004,95,4005.0,168.0,,,4003.5,0.0
0,115500,STRAWBERRIES,4003,156,,,,,4005,156,,,,,4004.0,0.0
0,115600,STRAWBERRIES,4004,81,4003.0,193.0,,,4005,274,,,,,4004.5,0.0
0,115700,STRAWBERRIES,4005,67,4004.0,118.0,,,4006,185,,,,,4005.5,0.0
0,115800,STRAWBERRIES,4005,190,,,,,4006,181,,,,,4005.5,0.0
0,115900,STRAWBERRIES,4005,80,4004.0,100.0,,,4006,180,,,,,4005.5,0.0
0,116000,STRAWBERRIES,4005,162,,,,,4006,162,,,,,4005.5,0.0
0,116100,STRAWBERRIES,4005,258,,,,,4006,258,,,,,4005.5,0.0
0,116200,STRAWBERRIES,4004,200,,,,,4006,200,,,,,4005.0,0.0
0,116300,STRAWBERRIES,4004,201,,,,,4005,201,,,,,4004.5,0.0
0,116400,STRAWBERRIES,4003,172,,,,,4005,172,,,,,4004.0,0.0
0,116500,STRAWBERRIES,4003,256,,,,,4005,256,,,,,4004.0,0.0
0,116600,STRAWBERRIES,4003,170,,,,,4004,67,4005.0,103.0,,,4003.5,0.0
0,116700,STRAWBERRIES,4004,96,4003.0,101.0,,,4005,197,,,,,4004.5,0.0
0,116800,STRAWBERRIES,4003,184,,,,,4004,11,4005.0,184.0,,,4003.5,0.0
0,116900,STRAWBERRIES,4003,256,,,,,4005,256,,,,,4004.0,0.0
0,117000,STRAWBERRIES,4004,61,4003.0,153.0,,,4005,214,,,,,4004.5,0.0
0,117100,STRAWBERRIES,4004,250,,,,,4006,250,,,,,4005.0,0.0
0,117200,STRAWBERRIES,4004,213,,,,,4006,213,,,,,4005.0,0.0
0,117300,STRAWBERRIES,4004,244,,,,,4006,244,,,,,4005.0,0.0
0,117400,STRAWBERRIES,4005,97,4004.0,119.0,,,4006,216,,,,,4005.5,0.0
0,117500,STRAWBERRIES,4005,233,,,,,4006,233,,,,,4005.5,0.0
0,117600,STRAWBERRIES,4005,67,4004.0,198.0,,,4006,265,,,,,4005.5,0.0
0,117700,STRAWBERRIES,4004,277,,,,,4006,277,,,,,4005.0,0.0
0,117800,STRAWBERRIES,4004,216,,,,,4005,90,4006.0,126.0,,,4004.5,0.0
0,117900,STRAWBERRIES,4004,86,4003.0,126.0,,,4005,212,,,,,4004.5,0.0
0,118000,STRAWBERRIES,4004,174,,,,,4005,174,,,,,4004.5,0.0
0,118100,STRAWBERRIES,4004,221,,,,,4005,221,,,,,4004.5,0.0
0,118200,STRAWBERRIES,4004,58,4003.0,108.0,,,4005,166,,,,,4004.5,0.0
0,118300,STRAWBERRIES,4004,242,,,,,4005,74,4006.0,168.0,,,4004.5,0.0
0,118400,STRAWBERRIES,4004,197,,,,,4006,197,,,,,4005.0,0.0
0,118500,STRAWBERRIES,4005,70,4004.0,105.0,,,4006,175,,,,,4005.5,0.0
0,118600,STRAWBERRIES,4005,86,4004.0,101.0,,,4006,187,,,,,4005.5,0.0
0,118700,STRAWBERRIES,4005,256,,,,,4007,256,,,,,4006.0,0.0
0,118800,STRAWBERRIES,4005,195,,,,,4006,63,4007.0,132.0,,,4005.5,0.0
0,118900,STRAWBERRIES,4005,180,,,,,4007,173,,,,,4006.0,0.0
0,119000,STRAWBERRIES,4005,173,,,,,4006,56,4007.0,117.0,,,4005.5,0.0
0,119100,STRAWBERRIES,4005,266,,,,,4006,261,,,,,4005.5,0.0
0,119200,STRAWBERRIES,4005,204,,,,,4007,204,,,,,4006.0,0.0
0,119300,STRAWBERRIES,4005,241,,,,,4006,65,4007.0,176.0,,,4005.5,0.0
0,119400,STRAWBERRIES,4005,282,,,,,4006,282,,,,,4005.5,0.0
0,119500,STRAWBERRIES,4005,212,,,,,4006,212,,,,,4005.5,0.0
0,119600,STRAWBERRIES,4005,63,4004.0,120.0,,,4006,183,,,,,4005.5,0.0
0,119700,STRAWBERRIES,4005,195,,,,,4007,195,,,,,4006.0,0.0
0,119800,STRAWBERRIES,4005,237,,,,,4007,237,,,,,4006.0,0.0
0,119900,STRAWBERRIES,4005,203,,,,,4007,203,,,,,4006.0,0.0
0,120000,STRAWBERRIES,4005,236,,,,,4006,236,,,,,4005.5,0.0
0,120100,STRAWBERRIES,4004,189,,,,,4006,189,,,,,4005.0,0.0
0,120200,STRAWBERRIES,4004,165,,,,,4006,165,,,,,4005.0,0.0
0,120300,STRAWBERRIES,4003,177,,,,,4005,177,,,,,4004.0,0.0
0,120400,STRAWBERRIES,4003,214,,,,,4005,214,,,,,4004.0,0.0
0,120500,STRAWBERRIES,4003,152,,,,,4004,152,,,,,4003.5,0.0
0,120600,STRAWBERRIES,4003,229,,,,,4004,229,,,,,4003.5,0.0
0,120700,STRAWBERRIES,4003,165,,,,,4004,57,4005.0,108.0,,,4003.5,0.0
0,120800,STRAWBERRIES,4003,63,4002.0,146.0,,,4004,209,,,,,4003.5,0.0
0,120900,STRAWBERRIES,4002,231,,,,,4004,231,,,,,4003.0,0.0
0,121000,STRAWBERRIES,4001,229,,,,,4003,229,,,,,4002.0,0.0
0,121100,STRAWBERRIES,4001,281,,,,,4002,281,,,,,4001.5,0.0
0,121200,STRAWBERRIES,4001,157,,,,,4002,55,4003.0,102.0,,,4001.5,0.0
0,121300,STRAWBERRIES,4001,90,4000.0,100.0,,,4002,190,,,,,4001.5,0.0
0,121400,STRAWBERRIES,4001,87,4000.0,123.0,,,4002,210,,,,,4001.5,0.0
0,121500,STRAWBERRIES,4001,200,,,,,4002,82,4003.0,118.0,,,4001.5,0.0
0,121600,STRAWBERRIES,4001,215,,,,,4003,215,,,,,4002.0,0.0
0,121700,STRAWBERRIES,4001,180,,,,,4002,64,4003.0,116.0,,,4001.5,0.0
0,121800,STRAWBERRIES,4001,272,,,,,4002,97,4003.0,175.0,,,4001.5,0.0
0,121900,STRAWBERRIES,4001,199,,,,,4002,80,4003.0,119.0,,,4001.5,0.0
0,122000,STRAWBERRIES,4001,280,,,,,4003,280,,,,,4002.0,0.0
0,122100,STRAWBERRIES,4002,53,4001.0,189.0,,,4003,242,,,,,4002.5,0.0
0,122200,STRAWBERRIES,4001,224,,,,,4003,224,,,,,4002.0,0.0
0,122300,STRAWBERRIES,4001,176,,,,,4003,176,,,,,4002.0,0.0
0,122400,STRAWBERRIES,4001,55,4000.0,164.0,,,4002,219,,,,,4001.5,0.0
0,122500,STRAWBERRIES,4001,190,,,,,4002,87,4003.0,103.0,,,4001.5,0.0
0,122600,STRAWBERRIES,4001,242,,,,,4002,242,,,,,4001.5,0.0
0,122700,STRAWBERRIES,4001,223,,,,,4002,58,4003.0,165.0,,,4001.5,0.0
0,122800,STRAWBERRIES,4001,229,,,,,4003,229,,,,,4002.0,0.0
0,122900,STRAWBERRIES,4001,224,,,,,4003,224,,,,,4002.0,0.0
0,123000,STRAWBERRIES,4001,197,,,,,4003,197,,,,,4002.0,0.0
0,123100,STRAWBERRIES,4001,209,,,,,4002,209,,,,,4001.5,0.0
0,123200,STRAWBERRIES,4001,244,,,,,4002,98,4003.0,146.0,,,4001.5,0.0
0,123300,STRAWBERRIES,4001,205,,,,,4002,53,4003.0,152.0,,,4001.5,0.0
0,123400,STRAWBERRIES,4001,258,,,,,4002,258,,,,,4001.5,0.0
0,123500,STRAWBERRIES,4001,99,4000.0,140.0,,,4002,239,,,,,4001.5,0.0
0,123600,STRAWBERRIES,4001,54,4000.0,189.0,,,4002,243,,,,,4001.5,0.0
0,123700,STRAWBERRIES,4001,75,4000.0,151.0,,,4002,226,,,,,4001.5,0.0
0,123800,STRAWBERRIES,4000,168,,,,,4002,168,,,,,4001.0,0.0
0,123900,STRAWBERRIES,4000,196,,,,,4001,74,4002.0,122.0,,,4000.5,0.0
0,124000,STRAWBERRIES,4000,233,,,,,4001,233,,,,,4000.5,0.0
0,124100,STRAWBERRIES,4000,195,,,,,4001,91,4002.0,104.0,,,4000.5,0.0
0,124200,STRAWBERRIES,4000,228,,,,,4001,94,4002.0,134.0,,,4000.5,0.0
0,124300,STRAWBERRIES,4000,184,,,,,4001,184,,,,,4000.5,0.0
0,124400,STRAWBERRIES,4000,245,,,,,4002,245,,,,,4001.0,0.0
0,124500,STRAWBERRIES,4001,6,4000.0,177.0,,,4002,177,,,,,4001.5,0.0
0,124600,STRAWBERRIES,4001,268,,,,,4002,97,4003.0,171.0,,,4001.5,0.0
0,124700,STRAWBERRIES,4001,249,,,,,4002,249,,,,,4001.5,0.0
0,124800,STRAWBERRIES,4001,63,4000.0,175.0,,,4002,238,,,,,4001.5,0.0
0,124900,STRAWBERRIES,4000,171,,,,,4002,171,,,,,4001.0,0.0
0,125000,STRAWBERRIES,4000,239,,,,,4001,100,4002.0,139.0,,,4000.5,0.0
0,125100,STRAWBERRIES,4000,193,,,,,4002,193,,,,,4001.0,0.0
0,125200,STRAWBERRIES,4000,96,3999.0,144.0,,,4001,240,,,,,4000.5,0.0
0,125300,STRAWBERRIES,3999,240,,,,,4001,240,,,,,4000.0,0.0
0,125400,STRAWBERRIES,3999,68,3998.0,155.0,,,4000,223,,,,,3999.5,0.0
0,125500,STRAWBERRIES,3998,299,,,,,4000,299,,,,,3999.0,0.0
0,125600,STRAWBERRIES,3998,173,,,,,3999,173,,,,,3998.5,0.0
0,125700,STRAWBERRIES,3997,176,,,,,3999,176,,,,,3998.0,0.0
0,125800,STRAWBERRIES,3998,204,,,,,4000,204,,,,,3999.0,0.0
0,125900,STRAWBERRIES,3998,200,,,,,3999,57,4000.0,154.0,,,3998.5,0.0
0,126000,STRAWBERRIES,3998,236,,,,,3999,60,4000.0,176.0,,,3998.5,0.0
0,126100,STRAWBERRIES,3998,224,,,,,3999,65,4000.0,159.0,,,3998.5,0.0
0,126200,STRAWBERRIES,3998,249,,,,,4000,255,,,,,3999.0,0.0
0,126300,STRAWBERRIES,3998,222,,,,,4000,222,,,,,3999.0,0.0
0,126400,STRAWBERRIES,3998,259,,,,,4000,259,,,,,3999.0,0.0
0,126500,STRAWBERRIES,3998,243,,,,,4000,243,,,,,3999.0,0.0
0,126600,STRAWBERRIES,3998,249,,,,,3999,52,4000.0,197.0,,,3998.5,0.0
0,126700,STRAWBERRIES,3998,239,,,,,4000,239,,,,,3999.0,0.0
0,126800,STRAWBERRIES,3998,272,,,,,3999,272,,,,,3998.5,0.0
0,126900,STRAWBERRIES,3998,297,,,,,3999,289,,,,,3998.5,0.0
0,127000,STRAWBERRIES,3998,54,3997.0,188.0,,,3999,242,,,,,3998.5,0.0
0,127100,STRAWBERRIES,3997,273,,,,,3999,273,,,,,3998.0,0.0
0,127200,STRAWBERRIES,3997,257,,,,,3999,257,,,,,3998.0,0.0
0,127300,STRAWBERRIES,3997,215,,,,,3999,215,,,,,3998.0,0.0
0,127400,STRAWBERRIES,3997,204,,,,,3999,204,,,,,3998.0,0.0
0,127500,STRAWBERRIES,3997,285,,,,,3999,285,,,,,3998.0,0.0
0,127600,STRAWBERRIES,3998,224,,,,,3999,224,,,,,3998.5,0.0
0,127700,STRAWBERRIES,3998,180,,,,,3999,180,,,,,3998.5,0.0
0,127800,STRAWBERRIES,3998,95,3997.0,107.0,,,3999,202,,,,,3998.5,0.0
0,127900,STRAWBERRIES,3998,67,3997.0,175.0,,,3999,242,,,,,3998.5,0.0
0,128000,STRAWBERRIES,3997,258,,,,,3999,258,,,,,3998.0,0.0
0,128100,STRAWBERRIES,3997,248,,,,,3998,71,3999.0,177.0,,,3997.5,0.0
0,128200,STRAWBERRIES,3997,220,,,,,3998,51,3999.0,169.0,,,3997.5,0.0
0,128300,STRAWBERRIES,3997,178,,,,,3999,178,,,,,3998.0,0.0
0,128400,STRAWBERRIES,3997,82,3996.0,176.0,,,3998,258,,,,,3997.5,0.0
0,128500,STRAWBERRIES,3997,93,3996.0,170.0,,,3998,263,,,,,3997.5,0.0
0,128600,STRAWBERRIES,3996,169,,,,,3998,169,,,,,3997.0,0.0
0,128700,STRAWBERRIES,3997,238,,,,,3998,93,3999.0,145.0,,,3997.5,0.0
0,128800,STRAWBERRIES,3997,242,,,,,3998,81,3999.0,161.0,,,3997.5,0.0
0,128900,STRAWBERRIES,3997,215,,,,,3999,215,,,,,3998.0,0.0
0,129000,STRAWBERRIES,3998,157,,,,,3999,50,4000.0,107.0,,,3998.5,0.0
0,129100,STRAWBERRIES,3998,240,,,,,3999,247,,,,,3998.5,0.0
0,129200,STRAWBERRIES,3997,208,,,,,3999,208,,,,,3998.0,0.0
0,129300,STRAWBERRIES,3997,232,,,,,3999,232,,,,,3998.0,0.0
0,129400,STRAWBERRIES,3998,231,,,,,3999,231,,,,,3998.5,0.0
0,129500,STRAWBERRIES,3998,83,3997.0,136.0,,,3999,219,,,,,3998.5,0.0
0,129600,STRAWBERRIES,3998,86,3997.0,172.0,,,3999,258,,,,,3998.5,0.0
0,129700,STRAWBERRIES,3998,79,3997.0,140.0,,,3999,219,,,,,3998.5,0.0
0,129800,STRAWBERRIES,3998,237,,,,,3999,51,4000.0,186.0,,,3998.5,0.0
0,129900,STRAWBERRIES,3998,172,,,,,4000,172,,,,,3999.0,0.0
0,130000,STRAWBERRIES,3999,202,,,,,4000,202,,,,,3999.5,0.0
0,130100,STRAWBERRIES,3999,259,,,,,4001,259,,,,,4000.0,0.0
0,130200,STRAWBERRIES,3999,272,,,,,4001,272,,,,,4000.0,0.0
0,130300,STRAWBERRIES,3999,219,,,,,4000,90,4001.0,129.0,,,3999.5,0.0
0,130400,STRAWBERRIES,3999,99,3998.0,142.0,,,4000,241,,,,,3999.5,0.0
0,130500,STRAWBERRIES,3999,241,,,,,4000,241,,,,,3999.5,0.0
0,130600,STRAWBERRIES,3999,180,,,,,4000,70,4001.0,110.0,,,3999.5,0.0
0,130700,STRAWBERRIES,3999,79,3998.0,114.0,,,4000,193,,,,,3999.5,0.0
0,130800,STRAWBERRIES,3998,161,,,,,4000,161,,,,,3999.0,0.0
0,130900,STRAWBERRIES,3998,239,,,,,4000,239,,,,,3999.0,0.0
0,131000,STRAWBERRIES,3997,200,,,,,3999,200,,,,,3998.0,0.0
0,131100,STRAWBERRIES,3997,248,,,,,3998,248,,,,,3997.5,0.0
0,131200,STRAWBERRIES,3997,76,3996.0,161.0,,,3998,237,,,,,3997.5,0.0
0,131300,STRAWBERRIES,3997,269,,,,,3998,81,3999.0,188.0,,,3997.5,0.0
0,131400,STRAWBERRIES,3997,227,,,,,3999,227,,,,,3998.0,0.0
0,131500,STRAWBERRIES,3997,241,,,,,3998,96,3999.0,145.0,,,3997.5,0.0
0,131600,STRAWBERRIES,3997,192,,,,,3998,192,,,,,3997.5,0.0
0,131700,STRAWBERRIES,3996,266,,,,,3998,266,,,,,3997.0,0.0
0,131800,STRAWBERRIES,3997,158,,,,,3998,161,,,,,3997.5,0.0
0,131900,STRAWBERRIES,3997,266,,,,,3998,266,,,,,3997.5,0.0
0,132000,STRAWBERRIES,3997,213,,,,,3998,54,3999.0,171.0,,,3997.5,0.0
0,132100,STRAWBERRIES,3997,65,3996.0,101.0,,,3998,166,,,,,3997.5,0.0
0,132200,STRAWBERRIES,3996,235,,,,,3998,235,,,,,3997.0,0.0
0,132300,STRAWBERRIES,3997,168,,,,,3998,55,3999.0,113.0,,,3997.5,0.0
0,132400,STRAWBERRIES,3998,57,3997.0,128.0,,,3999,185,,,,,3998.5,0.0
0,132500,STRAWBERRIES,3998,202,,,,,3999,202,,,,,3998.5,0.0
0,132600,STRAWBERRIES,3998,223,,,,,4000,223,,,,,3999.0,0.0
0,132700,STRAWBERRIES,3998,185,,,,,4000,185,,,,,3999.0,0.0
0,132800,STRAWBERRIES,3998,210,,,,,4000,210,,,,,3999.0,0.0
0,132900,STRAWBERRIES,3998,164,,,,,4000,164,,,,,3999.0,0.0
0,133000,STRAWBERRIES,3999,213,,,,,4000,204,,,,,3999.5,0.0
0,133100,STRAWBERRIES,3999,247,,,,,4001,247,,,,,4000.0,0.0
0,133200,STRAWBERRIES,3999,254,,,,,4000,80,4001.0,174.0,,,3999.5,0.0
0,133300,STRAWBERRIES,3999,249,,,,,4001,249,,,,,4000.0,0.0
0,133400,STRAWBERRIES,4000,91,3999.0,166.0,,,4001,260,,,,,4000.5,0.0
0,133500,STRAWBERRIES,3999,169,,,,,4001,165,,,,,4000.0,0.0
0,133600,STRAWBERRIES,3999,184,,,,,4001,184,,,,,4000.0,0.0
0,133700,STRAWBERRIES,3999,185,,,,,4001,185,,,,,4000.0,0.0
0,133800,STRAWBERRIES,4000,5,3999.0,273.0,,,4001,273,,,,,4000.5,0.0
0,133900,STRAWBERRIES,4000,222,,,,,4001,222,,,,,4000.5,0.0
0,134000,STRAWBERRIES,3999,187,,,,,4001,187,,,,,4000.0,0.0
0,134100,STRAWBERRIES,4000,221,,,,,4001,221,,,,,4000.5,0.0
0,134200,STRAWBERRIES,4000,277,,,,,4001,88,4002.0,189.0,,,4000.5,0.0
0,134300,STRAWBERRIES,4000,246,,,,,4001,86,4002.0,160.0,,,4000.5,0.0
0,134400,STRAWBERRIES,4000,191,,,,,4002,191,,,,,4001.0,0.0
0,134500,STRAWBERRIES,3999,250,,,,,4001,250,,,,,4000.0,0.0
0,134600,STRAWBERRIES,3999,190,,,,,4001,190,,,,,4000.0,0.0
0,134700,STRAWBERRIES,3999,219,,,,,4001,219,,,,,4000.0,0.0
0,134800,STRAWBERRIES,3999,271,,,,,4001,271,,,,,4000.0,0.0
0,134900,STRAWBERRIES,3999,237,,,,,4001,237,,,,,4000.0,0.0
0,135000,STRAWBERRIES,3999,237,,,,,4001,237,,,,,4000.0,0.0
0,135100,STRAWBERRIES,3999,257,,,,,4001,257,,,,,4000.0,0.0
0,135200,STRAWBERRIES,3999,217,,,,,4001,217,,,,,4000.0,0.0
0,135300,STRAWBERRIES,3999,249,,,,,4000,249,,,,,3999.5,0.0
0,135400,STRAWBERRIES,3999,231,,,,,4000,63,4001.0,168.0,,,3999.5,0.0
0,135500,STRAWBERRIES,3999,213,,,,,4001,213,,,,,4000.0,0.0
0,135600,STRAWBERRIES,4000,88,3999.0,164.0,,,4001,252,,,,,4000.5,0.0
0,135700,STRAWBERRIES,4000,191,,,,,4002,191,,,,,4001.0,0.0
0,135800,STRAWBERRIES,4001,235,,,,,4003,235,,,,,4002.0,0.0
0,135900,STRAWBERRIES,4001,189,,,,,4002,189,,,,,4001.5,0.0
0,136000,STRAWBERRIES,4001,224,,,,,4002,224,,,,,4001.5,0.0
0,136100,STRAWBERRIES,4000,164,,,,,4002,164,,,,,4001.0,0.0
0,136200,STRAWBERRIES,4000,217,,,,,4002,217,,,,,4001.0,0.0
0,136300,STRAWBERRIES,4001,46,4000.0,180.0,,,4002,230,,,,,4001.5,0.0
0,136400,STRAWBERRIES,4001,224,,,,,4003,224,,,,,4002.0,0.0
0,136500,STRAWBERRIES,4001,84,4000.0,149.0,,,4002,233,,,,,4001.5,0.0
0,136600,STRAWBERRIES,4001,183,,,,,4003,183,,,,,4002.0,0.0
0,136700,STRAWBERRIES,4002,247,,,,,4003,247,,,,,4002.5,0.0
0,136800,STRAWBERRIES,4002,179,,,,,4003,62,4004.0,117.0,,,4002.5,0.0
0,136900,STRAWBERRIES,4002,246,,,,,4003,246,,,,,4002.5,0.0
0,137000,STRAWBERRIES,4002,211,,,,,4004,211,,,,,4003.0,0.0
0,137100,STRAWBERRIES,4001,285,,,,,4003,285,,,,,4002.0,0.0
0,137200,STRAWBERRIES,4001,235,,,,,4003,235,,,,,4002.0,0.0
0,137300,STRAWBERRIES,4001,298,,,,,4003,298,,,,,4002.0,0.0
0,137400,STRAWBERRIES,4001,271,,,,,4003,271,,,,,4002.0,0.0
0,137500,STRAWBERRIES,4000,283,,,,,4002,283,,,,,4001.0,0.0
0,137600,STRAWBERRIES,4000,197,,,,,4002,197,,,,,4001.0,0.0
0,137700,STRAWBERRIES,4000,233,,,,,4002,233,,,,,4001.0,0.0
0,137800,STRAWBERRIES,4000,269,,,,,4002,269,,,,,4001.0,0.0
0,137900,STRAWBERRIES,4000,260,,,,,4002,260,,,,,4001.0,0.0
0,138000,STRAWBERRIES,4000,236,,,,,4002,236,,,,,4001.0,0.0
0,138100,STRAWBERRIES,4000,202,,,,,4002,202,,,,,4001.0,0.0
0,138200,STRAWBERRIES,4000,256,,,,,4002,256,,,,,4001.0,0.0
0,138300,STRAWBERRIES,4001,87,4000.0,170.0,,,4002,257,,,,,4001.5,0.0
0,138400,STRAWBERRIES,4000,249,,,,,4002,249,,,,,4001.0,0.0
0,138500,STRAWBERRIES,4000,237,,,,,4002,237,,,,,4001.0,0.0
0,138600,STRAWBERRIES,4000,265,,,,,4001,260,,,,,4000.5,0.0
0,138700,STRAWBERRIES,4000,200,,,,,4001,62,4002.0,138.0,,,4000.5,0.0
0,138800,STRAWBERRIES,4000,222,,,,,4001,66,4002.0,156.0,,,4000.5,0.0
0,138900,STRAWBERRIES,4001,84,4000.0,179.0,,,4002,263,,,,,4001.5,0.0
0,139000,STRAWBERRIES,4001,74,4000.0,121.0,,,4002,195,,,,,4001.5,0.0
0,139100,STRAWBERRIES,4001,53,4000.0,158.0,,,4002,211,,,,,4001.5,0.0
0,139200,STRAWBERRIES,4000,218,,,,,4002,218,,,,,4001.0,0.0
0,139300,STRAWBERRIES,4001,75,4000.0,175.0,,,4002,250,,,,,4001.5,0.0
0,139400,STRAWBERRIES,4000,230,,,,,4001,72,4002.0,158.0,,,4000.5,0.0
0,139500,STRAWBERRIES,4000,185,,,,,4002,185,,,,,4001.0,0.0
0,139600,STRAWBERRIES,4000,257,,,,,4002,257,,,,,4001.0,0.0
0,139700,STRAWBERRIES,4000,225,,,,,4001,8,4002.0,225.0,,,4000.5,0.0
0,139800,STRAWBERRIES,4000,246,,,,,4002,246,,,,,4001.0,0.0
0,139900,STRAWBERRIES,4000,100,3999.0,148.0,,,4001,248,,,,,4000.5,0.0
0,140000,STRAWBERRIES,4000,56,3999.0,139.0,,,4001,195,,,,,4000.5,0.0
0,140100,STRAWBERRIES,4000,243,,,,,4002,243,,,,,4001.0,0.0
0,140200,STRAWBERRIES,4001,57,4000.0,147.0,,,4002,204,,,,,4001.5,0.0
0,140300,STRAWBERRIES,4001,199,,,,,4002,199,,,,,4001.5,0.0
0,140400,STRAWBERRIES,4000,214,,,,,4002,214,,,,,4001.0,0.0
0,140500,STRAWBERRIES,4000,238,,,,,4002,238,,,,,4001.0,0.0
0,140600,STRAWBERRIES,4000,243,,,,,4001,243,,,,,4000.5,0.0
0,140700,STRAWBERRIES,3999,182,,,,,4001,182,,,,,4000.0,0.0
0,140800,STRAWBERRIES,3999,283,,,,,4001,283,,,,,4000.0,0.0
0,140900,STRAWBERRIES,3999,238,,,,,4000,71,4001.0,167.0,,,3999.5,0.0
0,141000,STRAWBERRIES,3999,262,,,,,4000,256,,,,,3999.5,0.0
0,141100,STRAWBERRIES,3999,278,,,,,4000,278,,,,,3999.5,0.0
0,141200,STRAWBERRIES,3999,205,,,,,4000,72,4001.0,133.0,,,3999.5,0.0
0,141300,STRAWBERRIES,3999,264,,,,,4000,264,,,,,3999.5,0.0
0,141400,STRAWBERRIES,3999,74,3998.0,150.0,,,4000,224,,,,,3999.5,0.0
0,141500,STRAWBERRIES,3999,207,,,,,4000,84,4001.0,123.0,,,3999.5,0.0
0,141600,STRAWBERRIES,3999,69,3998.0,179.0,,,4000,240,,,,,3999.5,0.0
0,141700,STRAWBERRIES,3999,189,,,,,4000,10,4001.0,189.0,,,3999.5,0.0
0,141800,STRAWBERRIES,3999,256,,,,,4001,256,,,,,4000.0,0.0
0,141900,STRAWBERRIES,3999,75,3998.0,170.0,,,4000,245,,,,,3999.5,0.0
0,142000,STRAWBERRIES,3998,237,,,,,3999,78,4000.0,159.0,,,3998.5,0.0
0,142100,STRAWBERRIES,3998,94,3997.0,162.0,,,3999,256,,,,,3998.5,0.0
0,142200,STRAWBERRIES,3998,50,3997.0,134.0,,,3999,184,,,,,3998.5,0.0
0,142300,STRAWBERRIES,3997,195,,,,,3999,195,,,,,3998.0,0.0
0,142400,STRAWBERRIES,3997,243,,,,,3999,243,,,,,3998.0,0.0
0,142500,STRAWBERRIES,3997,282,,,,,3999,282,,,,,3998.0,0.0
0,142600,STRAWBERRIES,3996,281,,,,,3998,281,,,,,3997.0,0.0
0,142700,STRAWBERRIES,3996,263,,,,,3997,73,3998.0,190.0,,,3996.5,0.0
0,142800,STRAWBERRIES,3996,195,,,,,3997,195,,,,,3996.5,0.0
0,142900,STRAWBERRIES,3996,209,,,,,3998,209,,,,,3997.0,0.0
0,143000,STRAWBERRIES,3996,223,,,,,3998,223,,,,,3997.0,0.0
0,143100,STRAWBERRIES,3997,56,3996.0,188.0,,,3998,244,,,,,3997.5,0.0
0,143200,STRAWBERRIES,3997,68,3996.0,129.0,,,3998,202,,,,,3997.5,0.0
0,143300,STRAWBERRIES,3997,58,3996.0,182.0,,,3998,240,,,,,3997.5,0.0
0,143400,STRAWBERRIES,3996,258,,,,,3998,258,,,,,3997.0,0.0
0,143500,STRAWBERRIES,3997,176,,,,,3998,59,3999.0,117.0,,,3997.5,0.0
0,143600,STRAWBERRIES,3997,213,,,,,3999,213,,,,,3998.0,0.0
0,143700,STRAWBERRIES,3998,85,3997.0,118.0,,,3999,203,,,,,3998.5,0.0
0,143800,STRAWBERRIES,3997,188,,,,,3999,188,,,,,3998.0,0.0
0,143900,STRAWBERRIES,3997,248,,,,,3998,248,,,,,3997.5,0.0
0,144000,STRAWBERRIES,3997,77,3996.0,166.0,,,3998,243,,,,,3997.5,0.0
0,144100,STRAWBERRIES,3997,239,,,,,3998,66,3999.0,173.0,,,3997.5,0.0
0,144200,STRAWBERRIES,3997,55,3996.0,177.0,,,3998,232,,,,,3997.5,0.0
0,144300,STRAWBERRIES,3997,63,3996.0,189.0,,,3998,252,,,,,3997.5,0.0
0,144400,STRAWBERRIES,3997,196,,,,,3998,196,,,,,3997.5,0.0
0,144500,STRAWBERRIES,3997,198,,,,,3998,52,3999.0,146.0,,,3997.5,0.0
0,144600,STRAWBERRIES,3997,235,,,,,3999,235,,,,,3998.0,0.0
0,144700,STRAWBERRIES,3997,194,,,,,3999,194,,,,,3998.0,0.0
0,144800,STRAWBERRIES,3997,203,,,,,3999,203,,,,,3998.0,0.0
0,144900,STRAWBERRIES,3998,207,,,,,4000,207,,,,,3999.0,0.0
0,145000,STRAWBERRIES,3998,206,,,,,3999,206,,,,,3998.5,0.0
0,145100,STRAWBERRIES,3997,245,,,,,3999,245,,,,,3998.0,0.0
0,145200,STRAWBERRIES,3998,84,3997.0,111.0,,,3999,195,,,,,3998.5,0.0
0,145300,STRAWBERRIES,3997,259,,,,,3999,259,,,,,3998.0,0.0
0,145400,STRAWBERRIES,3996,199,,,,,3998,199,,,,,3997.0,0.0
0,145500,STRAWBERRIES,3997,62,3996.0,174.0,,,3998,236,,,,,3997.5,0.0
0,145600,STRAWBERRIES,3997,254,,,,,3998,100,3999.0,154.0,,,3997.5,0.0
0,145700,STRAWBERRIES,3997,262,,,,,3998,262,,,,,3997.5,0.0
0,145800,STRAWBERRIES,3996,257,,,,,3998,257,,,,,3997.0,0.0
0,145900,STRAWBERRIES,3996,232,,,,,3998,232,,,,,3997.0,0.0
0,146000,STRAWBERRIES,3996,231,,,,,3998,231,,,,,3997.0,0.0
0,146100,STRAWBERRIES,3997,180,,,,,3998,76,3999.0,104.0,,,3997.5,0.0
0,146200,STRAWBERRIES,3997,190,,,,,3999,190,,,,,3998.0,0.0
0,146300,STRAWBERRIES,3998,204,,,,,3999,204,,,,,3998.5,0.0
0,146400,STRAWBERRIES,3997,183,,,,,3999,183,,,,,3998.0,0.0
0,146500,STRAWBERRIES,3998,230,,,,,3999,230,,,,,3998.5,0.0
0,146600,STRAWBERRIES,3998,88,3997.0,119.0,,,3999,207,,,,,3998.5,0.0
0,146700,STRAWBERRIES,3997,161,,,,,3999,165,,,,,3998.0,0.0
0,146800,STRAWBERRIES,3997,242,,,,,3998,91,3999.0,151.0,,,3997.5,0.0
0,146900,STRAWBERRIES,3997,268,,,,,3998,79,3999.0,189.0,,,3997.5,0.0
0,147000,STRAWBERRIES,3997,223,,,,,3998,223,,,,,3997.5,0.0
0,147100,STRAWBERRIES,3997,166,,,,,3999,166,,,,,3998.0,0.0
0,147200,STRAWBERRIES,3997,252,,,,,3999,252,,,,,3998.0,0.0
0,147300,STRAWBERRIES,3997,283,,,,,3999,283,,,,,3998.0,0.0
0,147400,STRAWBERRIES,3998,55,3997.0,117.0,,,3999,172,,,,,3998.5,0.0
0,147500,STRAWBERRIES,3997,184,,,,,3999,184,,,,,3998.0,0.0
0,147600,STRAWBERRIES,3998,10,3997.0,248.0,,,3999,248,,,,,3998.5,0.0
0,147700,STRAWBERRIES,3997,158,,,,,3998,55,3999.0,103.0,,,3997.5,0.0
0,147800,STRAWBERRIES,3997,266,,,,,3998,72,3999.0,194.0,,,3997.5,0.0
0,147900,STRAWBERRIES,3997,217,,,,,3998,95,3999.0,122.0,,,3997.5,0.0
0,148000,STRAWBERRIES,3998,60,3997.0,137.0,,,3999,197,,,,,3998.5,0.0
0,148100,STRAWBERRIES,3998,3,3997.0,239.0,,,3999,239,,,,,3998.5,0.0
0,148200,STRAWBERRIES,3997,222,,,,,3999,222,,,,,3998.0,0.0
0,148300,STRAWBERRIES,3997,248,,,,,3999,248,,,,,3998.0,0.0
0,148400,STRAWBERRIES,3997,214,,,,,3998,214,,,,,3997.5,0.0
0,148500,STRAWBERRIES,3997,258,,,,,3999,258,,,,,3998.0,0.0
0,148600,STRAWBERRIES,3997,242,,,,,3999,242,,,,,3998.0,0.0
0,148700,STRAWBERRIES,3997,286,,,,,3999,286,,,,,3998.0,0.0
0,148800,STRAWBERRIES,3998,244,,,,,3999,92,4000.0,152.0,,,3998.5,0.0
0,148900,STRAWBERRIES,3998,217,,,,,4000,217,,,,,3999.0,0.0
0,149000,STRAWBERRIES,3998,158,,,,,4000,158,,,,,3999.0,0.0
0,149100,STRAWBERRIES,3999,8,3998.0,224.0,,,4000,224,,,,,3999.5,0.0
0,149200,STRAWBERRIES,3998,199,,,,,3999,92,4000.0,107.0,,,3998.5,0.0
0,149300,STRAWBERRIES,3998,232,,,,,3999,232,,,,,3998.5,0.0
0,149400,STRAWBERRIES,3998,91,3997.0,151.0,,,3999,242,,,,,3998.5,0.0
0,149500,STRAWBERRIES,3996,187,,,,,3998,187,,,,,3997.0,0.0
0,149600,STRAWBERRIES,3997,67,3996.0,123.0,,,3998,190,,,,,3997.5,0.0
0,149700,STRAWBERRIES,3997,224,,,,,3999,224,,,,,3998.0,0.0
0,149800,STRAWBERRIES,3997,244,,,,,3999,244,,,,,3998.0,0.0
0,149900,STRAWBERRIES,3997,218,,,,,3998,218,,,,,3997.5,0.0
0,150000,STRAWBERRIES,3997,70,3996.0,139.0,,,3998,209,,,,,3997.5,0.0
0,150100,STRAWBERRIES,3997,75,3996.0,187.0,,,3998,262,,,,,3997.5,0.0
0,150200,STRAWBERRIES,3997,199,,,,,3999,199,,,,,3998.0,0.0
0,150300,STRAWBERRIES,3997,241,,,,,3999,241,,,,,3998.0,0.0
0,150400,STRAWBERRIES,3998,201,,,,,3999,201,,,,,3998.5,0.0
0,150500,STRAWBERRIES,3998,180,,,,,3999,55,4000.0,125.0,,,3998.5,0.0
0,150600,STRAWBERRIES,3998,254,,,,,3999,254,,,,,3998.5,0.0
0,150700,STRAWBERRIES,3998,269,,,,,3999,269,,,,,3998.5,0.0
0,150800,STRAWBERRIES,3997,213,,,,,3999,213,,,,,3998.0,0.0
0,150900,STRAWBERRIES,3998,258,,,,,3999,60,4000.0,198.0,,,3998.5,0.0
0,151000,STRAWBERRIES,3998,193,,,,,4000,193,,,,,3999.0,0.0
0,151100,STRAWBERRIES,3998,232,,,,,3999,81,4000.0,151.0,,,3998.5,0.0
0,151200,STRAWBERRIES,3998,76,3997.0,108.0,,,3999,184,,,,,3998.5,0.0
0,151300,STRAWBERRIES,3997,181,,,,,3999,181,,,,,3998.0,0.0
0,151400,STRAWBERRIES,3997,286,,,,,3999,286,,,,,3998.0,0.0
0,151500,STRAWBERRIES,3997,231,,,,,3998,72,3999.0,159.0,,,3997.5,0.0
0,151600,STRAWBERRIES,3998,276,,,,,3999,276,,,,,3998.5,0.0
0,151700,STRAWBERRIES,3998,203,,,,,3999,203,,,,,3998.5,0.0
0,151800,STRAWBERRIES,3997,241,,,,,3999,241,,,,,3998.0,0.0
0,151900,STRAWBERRIES,3997,205,,,,,3999,205,,,,,3998.0,0.0
0,152000,STRAWBERRIES,3997,234,,,,,3998,62,3999.0,161.0,,,3997.5,0.0
0,152100,STRAWBERRIES,3997,172,,,,,3999,172,,,,,3998.0,0.0
0,152200,STRAWBERRIES,3998,10,3997.0,269.0,,,3999,269,,,,,3998.5,0.0
0,152300,STRAWBERRIES,3997,296,,,,,3998,98,3999.0,198.0,,,3997.5,0.0
0,152400,STRAWBERRIES,3997,274,,,,,3998,274,,,,,3997.5,0.0
0,152500,STRAWBERRIES,3997,76,3996.0,165.0,,,3998,241,,,,,3997.5,0.0
0,152600,STRAWBERRIES,3997,253,,,,,3998,99,3999.0,154.0,,,3997.5,0.0
0,152700,STRAWBERRIES,3997,87,3996.0,122.0,,,3998,209,,,,,3997.5,0.0
0,152800,STRAWBERRIES,3997,265,,,,,3999,265,,,,,3998.0,0.0
0,152900,STRAWBERRIES,3997,244,,,,,3998,84,3999.0,151.0,,,3997.5,0.0
0,153000,STRAWBERRIES,3998,86,3997.0,121.0,,,3999,207,,,,,3998.5,0.0
0,153100,STRAWBERRIES,3998,201,,,,,4000,201,,,,,3999.0,0.0
0,153200,STRAWBERRIES,3998,209,,,,,4000,209,,,,,3999.0,0.0
0,153300,STRAWBERRIES,3999,91,3998.0,195.0,,,4000,286,,,,,3999.5,0.0
0,153400,STRAWBERRIES,3999,222,,,,,4000,222,,,,,3999.5,0.0
0,153500,STRAWBERRIES,3999,96,3998.0,187.0,,,4000,283,,,,,3999.5,0.0
0,153600,STRAWBERRIES,3999,216,,,,,4000,54,4001.0,162.0,,,3999.5,0.0
0,153700,STRAWBERRIES,3998,262,,,,,4000,262,,,,,3999.0,0.0
0,153800,STRAWBERRIES,3999,233,,,,,4001,233,,,,,4000.0,0.0
0,153900,STRAWBERRIES,3999,216,,,,,4001,216,,,,,4000.0,0.0
0,154000,STRAWBERRIES,3999,278,,,,,4001,278,,,,,4000.0,0.0
0,154100,STRAWBERRIES,3999,232,,,,,4001,232,,,,,4000.0,0.0
0,154200,STRAWBERRIES,3999,221,,,,,4000,221,,,,,3999.5,0.0
0,154300,STRAWBERRIES,3998,222,,,,,4000,222,,,,,3999.0,0.0
0,154400,STRAWBERRIES,3998,219,,,,,3999,59,4000.0,160.0,,,3998.5,0.0
0,154500,STRAWBERRIES,3998,193,,,,,4000,193,,,,,3999.0,0.0
0,154600,STRAWBERRIES,3998,241,,,,,3999,241,,,,,3998.5,0.0
0,154700,STRAWBERRIES,3998,79,3997.0,200.0,,,3999,276,,,,,3998.5,0.0
0,154800,STRAWBERRIES,3998,261,,,,,3999,261,,,,,3998.5,0.0
0,154900,STRAWBERRIES,3998,255,,,,,3999,255,,,,,3998.5,0.0
0,155000,STRAWBERRIES,3998,178,,,,,3999,88,4000.0,100.0,,,3998.5,0.0
0,155100,STRAWBERRIES,3998,246,,,,,4000,246,,,,,3999.0,0.0
0,155200,STRAWBERRIES,3998,68,3997.0,122.0,,,3999,190,,,,,3998.5,0.0
0,155300,STRAWBERRIES,3998,95,3997.0,109.0,,,3999,201,,,,,3998.5,0.0
0,155400,STRAWBERRIES,3998,95,3997.0,122.0,,,3999,217,,,,,3998.5,0.0
0,155500,STRAWBERRIES,3998,247,,,,,3999,258,,,,,3998.5,0.0
0,155600,STRAWBERRIES,3998,203,,,,,3999,82,4000.0,121.0,,,3998.5,0.0
0,155700,STRAWBERRIES,3998,59,3997.0,168.0,,,3999,227,,,,,3998.5,0.0
0,155800,STRAWBERRIES,3997,236,,,,,3999,236,,,,,3998.0,0.0
0,155900,STRAWBERRIES,3997,227,,,,,3999,227,,,,,3998.0,0.0
0,156000,STRAWBERRIES,3998,63,3997.0,145.0,,,3999,208,,,,,3998.5,0.0
0,156100,STRAWBERRIES,3998,77,3997.0,137.0,,,3999,214,,,,,3998.5,0.0
0,156200,STRAWBERRIES,3998,212,,,,,3999,62,4000.0,150.0,,,3998.5,0.0
0,156300,STRAWBERRIES,3997,271,,,,,3999,271,,,,,3998.0,0.0
0,156400,STRAWBERRIES,3998,84,3997.0,197.0,,,3999,281,,,,,3998.5,0.0
0,156500,STRAWBERRIES,3998,51,3997.0,141.0,,,3999,192,,,,,3998.5,0.0
0,156600,STRAWBERRIES,3997,201,,,,,3999,201,,,,,3998.0,0.0
0,156700,STRAWBERRIES,3997,202,,,,,3998,202,,,,,3997.5,0.0
0,156800,STRAWBERRIES,3997,211,,,,,3998,84,3999.0,127.0,,,3997.5,0.0
0,156900,STRAWBERRIES,3997,223,,,,,3998,223,,,,,3997.5,0.0
0,157000,STRAWBERRIES,3997,88,3996.0,189.0,,,3998,277,,,,,3997.5,0.0
0,157100,STRAWBERRIES,3996,223,,,,,3998,223,,,,,3997.0,0.0
0,157200,STRAWBERRIES,3996,222,,,,,3998,222,,,,,3997.0,0.0
0,157300,STRAWBERRIES,3995,204,,,,,3997,204,,,,,3996.0,0.0
0,157400,STRAWBERRIES,3996,80,3995.0,124.0,,,3997,204,,,,,3996.5,0.0
0,157500,STRAWBERRIES,3995,215,,,,,3996,100,3997.0,115.0,,,3995.5,0.0
0,157600,STRAWBERRIES,3995,97,3994.0,128.0,,,3996,225,,,,,3995.5,0.0
0,157700,STRAWBERRIES,3994,205,,,,,3996,205,,,,,3995.0,0.0
0,157800,STRAWBERRIES,3994,264,,,,,3995,83,3996.0,181.0,,,3994.5,0.0
0,157900,STRAWBERRIES,3993,185,,,,,3995,185,,,,,3994.0,0.0
0,158000,STRAWBERRIES,3993,246,,,,,3994,79,3995.0,167.0,,,3993.5,0.0
0,158100,STRAWBERRIES,3994,94,3993.0,124.0,,,3995,218,,,,,3994.5,0.0
0,158200,STRAWBERRIES,3994,76,3993.0,198.0,,,3995,274,,,,,3994.5,0.0
0,158300,STRAWBERRIES,3993,203,,,,,3995,203,,,,,3994.0,0.0
0,158400,STRAWBERRIES,3993,85,3992.0,119.0,,,3994,204,,,,,3993.5,0.0
0,158500,STRAWBERRIES,3992,219,,,,,3994,230,,,,,3993.0,0.0
0,158600,STRAWBERRIES,3992,250,,,,,3994,250,,,,,3993.0,0.0
0,158700,STRAWBERRIES,3992,181,,,,,3993,70,3994.0,111.0,,,3992.5,0.0
0,158800,STRAWBERRIES,3992,213,,,,,3994,213,,,,,3993.0,0.0
0,158900,STRAWBERRIES,3992,185,,,,,3993,185,,,,,3992.5,0.0
0,159000,STRAWBERRIES,3992,156,,,,,3994,156,,,,,3993.0,0.0
0,159100,STRAWBERRIES,3992,246,,,,,3994,246,,,,,3993.0,0.0
0,159200,STRAWBERRIES,3992,233,,,,,3994,233,,,,,3993.0,0.0
0,159300,STRAWBERRIES,3993,95,3992.0,168.0,,,3994,263,,,,,3993.5,0.0
0,159400,STRAWBERRIES,3992,241,,,,,3993,241,,,,,3992.5,0.0
0,159500,STRAWBERRIES,3992,77,3991.0,133.0,,,3993,210,,,,,3992.5,0.0
