day,timestamp,product,bid_price_1,bid_volume_1,bid_price_2,bid_volume_2,bid_price_3,bid_volume_3,ask_price_1,ask_volume_1,ask_price_2,ask_volume_2,ask_price_3,ask_volume_3,mid_price,profit_and_loss
1,0,STRAWBERRIES,4030,237,,,,,4031,237,,,,,4030.5,0.0
1,100,STRAWBERRIES,4030,52,4029.0,137.0,,,4031,189,,,,,4030.5,0.0
1,200,STRAWBERRIES,4029,198,,,,,4031,209,,,,,4030.0,0.0
1,300,STRAWBERRIES,4029,234,,,,,4031,234,,,,,4030.0,0.0
1,400,STRAWBERRIES,4029,211,,,,,4031,211,,,,,4030.0,0.0
1,500,STRAWBERRIES,4030,192,,,,,4031,81,4032.0,111.0,,,4030.5,0.0
1,600,STRAWBERRIES,4030,60,4029.0,114.0,,,4031,174,,,,,4030.5,0.0
1,700,STRAWBERRIES,4030,194,,,,,4032,200,,,,,4031.0,0.0
1,800,STRAWBERRIES,4030,264,,,,,4031,264,,,,,4030.5,0.0
1,900,STRAWBERRIES,4030,215,,,,,4031,215,,,,,4030.5,0.0
1,1000,STRAWBERRIES,4029,278,,,,,4031,278,,,,,4030.0,0.0
1,1100,STRAWBERRIES,4030,264,,,,,4031,80,4032.0,184.0,,,4030.5,0.0
1,1200,STRAWBERRIES,4030,185,,,,,4031,81,4032.0,104.0,,,4030.5,0.0
1,1300,STRAWBERRIES,4030,70,4029.0,130.0,,,4031,200,,,,,4030.5,0.0
1,1400,STRAWBERRIES,4030,287,,,,,4032,287,,,,,4031.0,0.0
1,1500,STRAWBERRIES,4030,196,,,,,4031,62,4032.0,144.0,,,4030.5,0.0
1,1600,STRAWBERRIES,4030,172,,,,,4031,176,,,,,4030.5,0.0
1,1700,STRAWBERRIES,4030,234,,,,,4032,234,,,,,4031.0,0.0
1,1800,STRAWBERRIES,4030,225,,,,,4031,97,4032.0,128.0,,,4030.5,0.0
1,1900,STRAWBERRIES,4030,293,,,,,4031,100,4032.0,193.0,,,4030.5,0.0
1,2000,STRAWBERRIES,4030,267,,,,,4031,98,4032.0,169.0,,,4030.5,0.0
1,2100,STRAWBERRIES,4030,251,,,,,4031,73,4032.0,178.0,,,4030.5,0.0
1,2200,STRAWBERRIES,4031,218,,,,,4032,218,,,,,4031.5,0.0
1,2300,STRAWBERRIES,4031,100,4030.0,178.0,,,4032,278,,,,,4031.5,0.0
1,2400,STRAWBERRIES,4031,206,,,,,4033,206,,,,,4032.0,0.0
1,2500,STRAWBERRIES,4032,215,,,,,4033,99,4034.0,116.0,,,4032.5,0.0
1,2600,STRAWBERRIES,4033,91,4032.0,163.0,,,4034,254,,,,,4033.5,0.0
1,2700,STRAWBERRIES,4033,73,4032.0,111.0,,,4034,184,,,,,4033.5,0.0
1,2800,STRAWBERRIES,4032,244,,,,,4034,244,,,,,4033.0,0.0
1,2900,STRAWBERRIES,4032,252,,,,,4034,252,,,,,4033.0,0.0
1,3000,STRAWBERRIES,4031,210,,,,,4033,210,,,,,4032.0,0.0
1,3100,STRAWBERRIES,4032,184,,,,,4033,72,4034.0,112.0,,,4032.5,0.0
1,3200,STRAWBERRIES,4032,207,,,,,4034,207,,,,,4033.0,0.0
1,3300,STRAWBERRIES,4032,197,,,,,4034,197,,,,,4033.0,0.0
1,3400,STRAWBERRIES,4033,199,,,,,4034,87,4035.0,100.0,,,4033.5,0.0
1,3500,STRAWBERRIES,4033,215,,,,,4034,215,,,,,4033.5,0.0
1,3600,STRAWBERRIES,4033,191,,,,,4035,191,,,,,4034.0,0.0
1,3700,STRAWBERRIES,4033,213,,,,,4034,213,,,,,4033.5,0.0
1,3800,STRAWBERRIES,4032,234,,,,,4034,234,,,,,4033.0,0.0
1,3900,STRAWBERRIES,4032,187,,,,,4033,86,4034.0,101.0,,,4032.5,0.0
1,4000,STRAWBERRIES,4032,194,,,,,4033,52,4034.0,142.0,,,4032.5,0.0
1,4100,STRAWBERRIES,4032,239,,,,,4034,239,,,,,4033.0,0.0
1,4200,STRAWBERRIES,4032,206,,,,,4033,87,4034.0,119.0,,,4032.5,0.0
1,4300,STRAWBERRIES,4032,208,,,,,4033,208,,,,,4032.5,0.0
1,4400,STRAWBERRIES,4032,272,,,,,4033,278,,,,,4032.5,0.0
1,4500,STRAWBERRIES,4032,281,,,,,4033,97,4034.0,184.0,,,4032.5,0.0
1,4600,STRAWBERRIES,4032,182,,,,,4033,191,,,,,4032.5,0.0
1,4700,STRAWBERRIES,4032,210,,,,,4033,210,,,,,4032.5,0.0
1,4800,STRAWBERRIES,4032,228,,,,,4033,80,4034.0,148.0,,,4032.5,0.0
1,4900,STRAWBERRIES,4032,182,,,,,4033,68,4034.0,114.0,,,4032.5,0.0
1,5000,STRAWBERRIES,4032,222,,,,,4033,222,,,,,4032.5,0.0
1,5100,STRAWBERRIES,4031,169,,,,,4033,169,,,,,4032.0,0.0
1,5200,STRAWBERRIES,4031,201,,,,,4033,201,,,,,4032.0,0.0
1,5300,STRAWBERRIES,4031,245,,,,,4033,245,,,,,4032.0,0.0
1,5400,STRAWBERRIES,4032,99,4031.0,197.0,,,4033,296,,,,,4032.5,0.0
1,5500,STRAWBERRIES,4032,205,,,,,4033,214,,,,,4032.5,0.0
1,5600,STRAWBERRIES,4032,258,,,,,4033,258,,,,,4032.5,0.0
1,5700,STRAWBERRIES,4032,178,,,,,4033,75,4034.0,103.0,,,4032.5,0.0
1,5800,STRAWBERRIES,4031,243,,,,,4033,243,,,,,4032.0,0.0
1,5900,STRAWBERRIES,4031,220,,,,,4033,220,,,,,4032.0,0.0
1,6000,STRAWBERRIES,4031,188,,,,,4033,188,,,,,4032.0,0.0
1,6100,STRAWBERRIES,4032,235,,,,,4034,235,,,,,4033.0,0.0
1,6200,STRAWBERRIES,4032,292,,,,,4033,280,,,,,4032.5,0.0
1,6300,STRAWBERRIES,4031,228,,,,,4032,52,4033.0,176.0,,,4031.5,0.0
1,6400,STRAWBERRIES,4031,186,,,,,4032,192,,,,,4031.5,0.0
1,6500,STRAWBERRIES,4031,63,4030.0,123.0,,,4032,186,,,,,4031.5,0.0
1,6600,STRAWBERRIES,4031,81,4030.0,110.0,,,4032,191,,,,,4031.5,0.0
1,6700,STRAWBERRIES,4031,271,,,,,4033,271,,,,,4032.0,0.0
1,6800,STRAWBERRIES,4031,60,4030.0,172.0,,,4032,232,,,,,4031.5,0.0
1,6900,STRAWBERRIES,4031,254,,,,,4032,248,,,,,4031.5,0.0
1,7000,STRAWBERRIES,4031,73,4030.0,119.0,,,4032,192,,,,,4031.5,0.0
1,7100,STRAWBERRIES,4031,229,,,,,4032,229,,,,,4031.5,0.0
1,7200,STRAWBERRIES,4030,217,,,,,4032,217,,,,,4031.0,0.0
1,7300,STRAWBERRIES,4031,227,,,,,4032,227,,,,,4031.5,0.0
1,7400,STRAWBERRIES,4031,245,,,,,4033,245,,,,,4032.0,0.0
1,7500,STRAWBERRIES,4031,213,,,,,4032,55,4033.0,158.0,,,4031.5,0.0
1,7600,STRAWBERRIES,4031,204,,,,,4032,204,,,,,4031.5,0.0
1,7700,STRAWBERRIES,4030,227,,,,,4032,227,,,,,4031.0,0.0
1,7800,STRAWBERRIES,4030,187,,,,,4031,56,4032.0,131.0,,,4030.5,0.0
1,7900,STRAWBERRIES,4030,222,,,,,4031,222,,,,,4030.5,0.0
1,8000,STRAWBERRIES,4030,65,4029.0,192.0,,,4031,257,,,,,4030.5,0.0
1,8100,STRAWBERRIES,4029,233,,,,,4030,80,4031.0,153.0,,,4029.5,0.0
1,8200,STRAWBERRIES,4029,227,,,,,4030,98,4031.0,129.0,,,4029.5,0.0
1,8300,STRAWBERRIES,4029,231,,,,,4030,231,,,,,4029.5,0.0
1,8400,STRAWBERRIES,4029,204,,,,,4031,204,,,,,4030.0,0.0
1,8500,STRAWBERRIES,4029,248,,,,,4031,251,,,,,4030.0,0.0
1,8600,STRAWBERRIES,4030,68,4029.0,168.0,,,4031,236,,,,,4030.5,0.0
1,8700,STRAWBERRIES,4029,207,,,,,4031,207,,,,,4030.0,0.0
1,8800,STRAWBERRIES,4029,224,,,,,4031,224,,,,,4030.0,0.0
1,8900,STRAWBERRIES,4029,285,,,,,4031,285,,,,,4030.0,0.0
1,9000,STRAWBERRIES,4029,237,,,,,4031,237,,,,,4030.0,0.0
1,9100,STRAWBERRIES,4029,237,,,,,4030,55,4031.0,182.0,,,4029.5,0.0
1,9200,STRAWBERRIES,4029,98,4028.0,194.0,,,4030,292,,,,,4029.5,0.0
1,9300,STRAWBERRIES,4029,9,4028.0,227.0,,,4030,227,,,,,4029.5,0.0
1,9400,STRAWBERRIES,4028,249,,,,,4030,249,,,,,4029.0,0.0
1,9500,STRAWBERRIES,4028,63,4027.0,128.0,,,4029,191,,,,,4028.5,0.0
1,9600,STRAWBERRIES,4027,259,,,,,4029,259,,,,,4028.0,0.0
1,9700,STRAWBERRIES,4028,75,4027.0,134.0,,,4029,209,,,,,4028.5,0.0
1,9800,STRAWBERRIES,4028,214,,,,,4029,79,4030.0,135.0,,,4028.5,0.0
1,9900,STRAWBERRIES,4028,250,,,,,4030,250,,,,,4029.0,0.0
1,10000,STRAWBERRIES,4027,225,,,,,4029,225,,,,,4028.0,0.0
1,10100,STRAWBERRIES,4028,63,4027.0,148.0,,,4029,211,,,,,4028.5,0.0
1,10200,STRAWBERRIES,4028,261,,,,,4029,268,,,,,4028.5,0.0
1,10300,STRAWBERRIES,4027,198,,,,,4029,198,,,,,4028.0,0.0
1,10400,STRAWBERRIES,4027,193,,,,,4028,193,,,,,4027.5,0.0
1,10500,STRAWBERRIES,4027,194,,,,,4028,194,,,,,4027.5,0.0
1,10600,STRAWBERRIES,4027,252,,,,,4028,252,,,,,4027.5,0.0
1,10700,STRAWBERRIES,4027,232,,,,,4028,65,4029.0,167.0,,,4027.5,0.0
1,10800,STRAWBERRIES,4027,266,,,,,4029,266,,,,,4028.0,0.0
1,10900,STRAWBERRIES,4028,97,4027.0,143.0,,,4029,240,,,,,4028.5,0.0
1,11000,STRAWBERRIES,4027,277,,,,,4029,277,,,,,4028.0,0.0
1,11100,STRAWBERRIES,4028,50,4027.0,177.0,,,4029,227,,,,,4028.5,0.0
1,11200,STRAWBERRIES,4028,175,,,,,4029,72,4030.0,103.0,,,4028.5,0.0
1,11300,STRAWBERRIES,4028,11,4027.0,232.0,,,4029,232,,,,,4028.5,0.0
1,11400,STRAWBERRIES,4027,192,,,,,4029,192,,,,,4028.0,0.0
1,11500,STRAWBERRIES,4028,51,4027.0,193.0,,,4029,244,,,,,4028.5,0.0
1,11600,STRAWBERRIES,4028,84,4027.0,145.0,,,4029,229,,,,,4028.5,0.0
1,11700,STRAWBERRIES,4028,254,,,,,4030,254,,,,,4029.0,0.0
1,11800,STRAWBERRIES,4028,249,,,,,4029,58,4030.0,191.0,,,4028.5,0.0
1,11900,STRAWBERRIES,4027,212,,,,,4029,212,,,,,4028.0,0.0
1,12000,STRAWBERRIES,4027,242,,,,,4029,242,,,,,4028.0,0.0
1,12100,STRAWBERRIES,4027,210,,,,,4029,210,,,,,4028.0,0.0
1,12200,STRAWBERRIES,4027,261,,,,,4029,261,,,,,4028.0,0.0
1,12300,STRAWBERRIES,4027,68,4026.0,171.0,,,4028,239,,,,,4027.5,0.0
1,12400,STRAWBERRIES,4027,98,4026.0,174.0,,,4028,272,,,,,4027.5,0.0
1,12500,STRAWBERRIES,4027,292,,,,,4028,96,4029.0,196.0,,,4027.5,0.0
1,12600,STRAWBERRIES,4027,225,,,,,4029,225,,,,,4028.0,0.0
1,12700,STRAWBERRIES,4027,269,,,,,4028,77,4029.0,192.0,,,4027.5,0.0
1,12800,STRAWBERRIES,4027,242,,,,,4028,242,,,,,4027.5,0.0
1,12900,STRAWBERRIES,4027,189,,,,,4029,189,,,,,4028.0,0.0
1,13000,STRAWBERRIES,4028,78,4027.0,127.0,,,4029,205,,,,,4028.5,0.0
1,13100,STRAWBERRIES,4028,76,4027.0,190.0,,,4029,266,,,,,4028.5,0.0
1,13200,STRAWBERRIES,4027,194,,,,,4029,194,,,,,4028.0,0.0
1,13300,STRAWBERRIES,4027,258,,,,,4029,268,,,,,4028.0,0.0
1,13400,STRAWBERRIES,4028,105,4027.0,153.0,,,4029,252,,,,,4028.5,0.0
1,13500,STRAWBERRIES,4028,233,,,,,4029,233,,,,,4028.5,0.0
1,13600,STRAWBERRIES,4028,232,,,,,4029,74,4030.0,158.0,,,4028.5,0.0
1,13700,STRAWBERRIES,4028,68,4027.0,112.0,,,4029,192,,,,,4028.5,0.0
1,13800,STRAWBERRIES,4028,252,,,,,4029,58,4030.0,194.0,,,4028.5,0.0
1,13900,STRAWBERRIES,4028,202,,,,,4029,84,4030.0,118.0,,,4028.5,0.0
1,14000,STRAWBERRIES,4028,225,,,,,4030,225,,,,,4029.0,0.0
1,14100,STRAWBERRIES,4028,234,,,,,4030,234,,,,,4029.0,0.0
1,14200,STRAWBERRIES,4029,90,4028.0,167.0,,,4030,257,,,,,4029.5,0.0
1,14300,STRAWBERRIES,4029,246,,,,,4030,246,,,,,4029.5,0.0
1,14400,STRAWBERRIES,4029,254,,,,,4031,254,,,,,4030.0,0.0
1,14500,STRAWBERRIES,4029,228,,,,,4030,61,4031.0,160.0,,,4029.5,0.0
1,14600,STRAWBERRIES,4029,215,,,,,4030,82,4031.0,137.0,,,4029.5,0.0
1,14700,STRAWBERRIES,4030,93,4029.0,159.0,,,4031,255,,,,,4030.5,0.0
1,14800,STRAWBERRIES,4030,252,,,,,4031,58,4032.0,194.0,,,4030.5,0.0
1,14900,STRAWBERRIES,4030,264,,,,,4031,71,4032.0,193.0,,,4030.5,0.0
1,15000,STRAWBERRIES,4030,271,,,,,4031,271,,,,,4030.5,0.0
1,15100,STRAWBERRIES,4030,235,,,,,4031,90,4032.0,145.0,,,4030.5,0.0
1,15200,STRAWBERRIES,4030,238,,,,,4031,80,4032.0,158.0,,,4030.5,0.0
1,15300,STRAWBERRIES,4030,206,,,,,4032,206,,,,,4031.0,0.0
1,15400,STRAWBERRIES,4030,180,,,,,4032,180,,,,,4031.0,0.0
1,15500,STRAWBERRIES,4031,233,,,,,4032,53,4033.0,180.0,,,4031.5,0.0
1,15600,STRAWBERRIES,4031,195,,,,,4032,50,4033.0,145.0,,,4031.5,0.0
1,15700,STRAWBERRIES,4031,193,,,,,4033,193,,,,,4032.0,0.0
1,15800,STRAWBERRIES,4032,98,4031.0,107.0,,,4033,205,,,,,4032.5,0.0
1,15900,STRAWBERRIES,4031,250,,,,,4033,250,,,,,4032.0,0.0
1,16000,STRAWBERRIES,4031,248,,,,,4032,248,,,,,4031.5,0.0
1,16100,STRAWBERRIES,4031,210,,,,,4032,210,,,,,4031.5,0.0
1,16200,STRAWBERRIES,4031,207,,,,,4033,207,,,,,4032.0,0.0
1,16300,STRAWBERRIES,4030,194,,,,,4032,206,,,,,4031.0,0.0
1,16400,STRAWBERRIES,4029,221,,,,,4031,221,,,,,4030.0,0.0
1,16500,STRAWBERRIES,4029,185,,,,,4030,66,4031.0,119.0,,,4029.5,0.0
1,16600,STRAWBERRIES,4029,194,,,,,4031,194,,,,,4030.0,0.0
1,16700,STRAWBERRIES,4029,194,,,,,4030,78,4031.0,116.0,,,4029.5,0.0
1,16800,STRAWBERRIES,4029,201,,,,,4030,79,4031.0,122.0,,,4029.5,0.0
1,16900,STRAWBERRIES,4029,62,4028.0,129.0,,,4030,183,,,,,4029.5,0.0
1,17000,STRAWBERRIES,4029,62,4028.0,184.0,,,4030,246,,,,,4029.5,0.0
1,17100,STRAWBERRIES,4029,74,4028.0,179.0,,,4030,253,,,,,4029.5,0.0
1,17200,STRAWBERRIES,4028,198,,,,,4029,198,,,,,4028.5,0.0
1,17300,STRAWBERRIES,4029,89,4028.0,127.0,,,4030,216,,,,,4029.5,0.0
1,17400,STRAWBERRIES,4029,208,,,,,4030,208,,,,,4029.5,0.0
1,17500,STRAWBERRIES,4029,235,,,,,4030,235,,,,,4029.5,0.0
1,17600,STRAWBERRIES,4029,212,,,,,4030,212,,,,,4029.5,0.0
1,17700,STRAWBERRIES,4029,87,4028.0,109.0,,,4030,196,,,,,4029.5,0.0
1,17800,STRAWBERRIES,4029,252,,,,,4030,252,,,,,4029.5,0.0
1,17900,STRAWBERRIES,4029,235,,,,,4030,81,4031.0,154.0,,,4029.5,0.0
1,18000,STRAWBERRIES,4029,59,4028.0,145.0,,,4030,204,,,,,4029.5,0.0
1,18100,STRAWBERRIES,4029,246,,,,,4030,258,,,,,4029.5,0.0
1,18200,STRAWBERRIES,4029,11,4028.0,235.0,,,4030,235,,,,,4029.5,0.0
1,18300,STRAWBERRIES,4029,199,,,,,4030,93,4031.0,106.0,,,4029.5,0.0
1,18400,STRAWBERRIES,4029,194,,,,,4030,92,4031.0,102.0,,,4029.5,0.0
1,18500,STRAWBERRIES,4029,205,,,,,4030,93,4031.0,112.0,,,4029.5,0.0
1,18600,STRAWBERRIES,4029,237,,,,,4030,72,4031.0,165.0,,,4029.5,0.0
1,18700,STRAWBERRIES,4029,230,,,,,4030,239,,,,,4029.5,0.0
1,18800,STRAWBERRIES,4029,254,,,,,4030,67,4031.0,187.0,,,4029.5,0.0
1,18900,STRAWBERRIES,4029,225,,,,,4031,225,,,,,4030.0,0.0
1,19000,STRAWBERRIES,4029,245,,,,,4031,245,,,,,4030.0,0.0
1,19100,STRAWBERRIES,4029,229,,,,,4031,229,,,,,4030.0,0.0
1,19200,STRAWBERRIES,4030,96,4029.0,163.0,,,4031,259,,,,,4030.5,0.0
1,19300,STRAWBERRIES,4030,268,,,,,4032,268,,,,,4031.0,0.0
1,19400,STRAWBERRIES,4030,241,,,,,4031,94,4032.0,147.0,,,4030.5,0.0
1,19500,STRAWBERRIES,4030,203,,,,,4031,68,4032.0,135.0,,,4030.5,0.0
1,19600,STRAWBERRIES,4030,272,,,,,4032,272,,,,,4031.0,0.0
1,19700,STRAWBERRIES,4030,197,,,,,4032,197,,,,,4031.0,0.0
1,19800,STRAWBERRIES,4030,204,,,,,4032,204,,,,,4031.0,0.0
1,19900,STRAWBERRIES,4030,170,,,,,4032,170,,,,,4031.0,0.0
1,20000,STRAWBERRIES,4030,229,,,,,4031,95,4032.0,134.0,,,4030.5,0.0
1,20100,STRAWBERRIES,4031,254,,,,,4032,254,,,,,4031.5,0.0
1,20200,STRAWBERRIES,4031,218,,,,,4033,218,,,,,4032.0,0.0
1,20300,STRAWBERRIES,4031,237,,,,,4033,237,,,,,4032.0,0.0
1,20400,STRAWBERRIES,4031,251,,,,,4032,251,,,,,4031.5,0.0
1,20500,STRAWBERRIES,4031,76,4030.0,200.0,,,4032,276,,,,,4031.5,0.0
1,20600,STRAWBERRIES,4030,220,,,,,4032,220,,,,,4031.0,0.0
1,20700,STRAWBERRIES,4030,224,,,,,4032,224,,,,,4031.0,0.0
1,20800,STRAWBERRIES,4030,259,,,,,4031,12,4032.0,259.0,,,4030.5,0.0
1,20900,STRAWBERRIES,4030,247,,,,,4032,247,,,,,4031.0,0.0
1,21000,STRAWBERRIES,4031,246,,,,,4032,246,,,,,4031.5,0.0
1,21100,STRAWBERRIES,4031,293,,,,,4032,95,4033.0,198.0,,,4031.5,0.0
1,21200,STRAWBERRIES,4031,246,,,,,4033,246,,,,,4032.0,0.0
1,21300,STRAWBERRIES,4032,235,,,,,4033,235,,,,,4032.5,0.0
1,21400,STRAWBERRIES,4032,242,,,,,4034,242,,,,,4033.0,0.0
1,21500,STRAWBERRIES,4033,58,4032.0,168.0,,,4034,226,,,,,4033.5,0.0
1,21600,STRAWBERRIES,4032,274,,,,,4034,274,,,,,4033.0,0.0
1,21700,STRAWBERRIES,4032,254,,,,,4034,254,,,,,4033.0,0.0
1,21800,STRAWBERRIES,4032,260,,,,,4034,260,,,,,4033.0,0.0
1,21900,STRAWBERRIES,4032,244,,,,,4034,244,,,,,4033.0,0.0
1,22000,STRAWBERRIES,4032,194,,,,,4034,194,,,,,4033.0,0.0
1,22100,STRAWBERRIES,4033,54,4032.0,151.0,,,4034,205,,,,,4033.5,0.0
1,22200,STRAWBERRIES,4032,282,,,,,4034,282,,,,,4033.0,0.0
1,22300,STRAWBERRIES,4032,254,,,,,4033,86,4034.0,168.0,,,4032.5,0.0
1,22400,STRAWBERRIES,4032,224,,,,,4034,224,,,,,4033.0,0.0
1,22500,STRAWBERRIES,4032,255,,,,,4034,255,,,,,4033.0,0.0
1,22600,STRAWBERRIES,4033,11,4032.0,237.0,,,4034,237,,,,,4033.5,0.0
1,22700,STRAWBERRIES,4033,94,4032.0,117.0,,,4034,211,,,,,4033.5,0.0
1,22800,STRAWBERRIES,4033,54,4032.0,154.0,,,4034,208,,,,,4033.5,0.0
1,22900,STRAWBERRIES,4032,201,,,,,4033,55,4034.0,146.0,,,4032.5,0.0
1,23000,STRAWBERRIES,4032,233,,,,,4033,233,,,,,4032.5,0.0
1,23100,STRAWBERRIES,4032,261,,,,,4033,100,4034.0,152.0,,,4032.5,0.0
1,23200,STRAWBERRIES,4032,212,,,,,4034,212,,,,,4033.0,0.0
1,23300,STRAWBERRIES,4032,206,,,,,4034,206,,,,,4033.0,0.0
1,23400,STRAWBERRIES,4033,78,4032.0,181.0,,,4034,259,,,,,4033.5,0.0
1,23500,STRAWBERRIES,4033,192,,,,,4035,192,,,,,4034.0,0.0
1,23600,STRAWBERRIES,4034,69,4033.0,162.0,,,4035,231,,,,,4034.5,0.0
1,23700,STRAWBERRIES,4033,242,,,,,4035,242,,,,,4034.0,0.0
1,23800,STRAWBERRIES,4033,216,,,,,4035,216,,,,,4034.0,0.0
1,23900,STRAWBERRIES,4033,196,,,,,4035,196,,,,,4034.0,0.0
1,24000,STRAWBERRIES,4034,168,,,,,4035,64,4036.0,104.0,,,4034.5,0.0
1,24100,STRAWBERRIES,4035,76,4034.0,112.0,,,4036,188,,,,,4035.5,0.0
1,24200,STRAWBERRIES,4035,178,,,,,4037,178,,,,,4036.0,0.0
1,24300,STRAWBERRIES,4035,201,,,,,4037,201,,,,,4036.0,0.0
1,24400,STRAWBERRIES,4035,250,,,,,4037,250,,,,,4036.0,0.0
1,24500,STRAWBERRIES,4035,182,,,,,4037,182,,,,,4036.0,0.0
1,24600,STRAWBERRIES,4035,240,,,,,4037,240,,,,,4036.0,0.0
1,24700,STRAWBERRIES,4036,255,,,,,4037,246,,,,,4036.5,0.0
1,24800,STRAWBERRIES,4036,203,,,,,4037,203,,,,,4036.5,0.0
1,24900,STRAWBERRIES,4035,261,,,,,4037,261,,,,,4036.0,0.0
1,25000,STRAWBERRIES,4035,220,,,,,4036,68,4037.0,152.0,,,4035.5,0.0
1,25100,STRAWBERRIES,4035,248,,,,,4036,100,4037.0,148.0,,,4035.5,0.0
1,25200,STRAWBERRIES,4035,52,4034.0,144.0,,,4036,196,,,,,4035.5,0.0
1,25300,STRAWBERRIES,4035,76,4034.0,170.0,,,4036,246,,,,,4035.5,0.0
1,25400,STRAWBERRIES,4034,255,,,,,4036,255,,,,,4035.0,0.0
1,25500,STRAWBERRIES,4034,156,,,,,4035,52,4036.0,104.0,,,4034.5,0.0
1,25600,STRAWBERRIES,4034,234,,,,,4036,234,,,,,4035.0,0.0
1,25700,STRAWBERRIES,4034,292,,,,,4035,292,,,,,4034.5,0.0
1,25800,STRAWBERRIES,4033,193,,,,,4035,193,,,,,4034.0,0.0
1,25900,STRAWBERRIES,4034,57,4033.0,176.0,,,4035,233,,,,,4034.5,0.0
1,26000,STRAWBERRIES,4033,263,,,,,4035,263,,,,,4034.0,0.0
1,26100,STRAWBERRIES,4034,291,,,,,4035,94,4036.0,197.0,,,4034.5,0.0
1,26200,STRAWBERRIES,4034,168,,,,,4036,168,,,,,4035.0,0.0
1,26300,STRAWBERRIES,4034,252,,,,,4035,83,4036.0,169.0,,,4034.5,0.0
1,26400,STRAWBERRIES,4034,243,,,,,4035,54,4036.0,189.0,,,4034.5,0.0
1,26500,STRAWBERRIES,4034,282,,,,,4036,282,,,,,4035.0,0.0
1,26600,STRAWBERRIES,4035,52,4034.0,106.0,,,4036,158,,,,,4035.5,0.0
1,26700,STRAWBERRIES,4035,204,,,,,4036,204,,,,,4035.5,0.0
1,26800,STRAWBERRIES,4035,211,,,,,4036,59,4037.0,152.0,,,4035.5,0.0
1,26900,STRAWBERRIES,4035,205,,,,,4036,58,4037.0,147.0,,,4035.5,0.0
1,27000,STRAWBERRIES,4035,254,,,,,4037,254,,,,,4036.0,0.0
1,27100,STRAWBERRIES,4036,89,4035.0,138.0,,,4037,227,,,,,4036.5,0.0
1,27200,STRAWBERRIES,4036,65,4035.0,107.0,,,4037,172,,,,,4036.5,0.0
1,27300,STRAWBERRIES,4036,212,,,,,4038,212,,,,,4037.0,0.0
1,27400,STRAWBERRIES,4036,169,,,,,4038,169,,,,,4037.0,0.0
1,27500,STRAWBERRIES,4037,95,4036.0,146.0,,,4038,241,,,,,4037.5,0.0
1,27600,STRAWBERRIES,4037,261,,,,,4038,261,,,,,4037.5,0.0
1,27700,STRAWBERRIES,4036,165,,,,,4038,165,,,,,4037.0,0.0
1,27800,STRAWBERRIES,4037,255,,,,,4038,255,,,,,4037.5,0.0
1,27900,STRAWBERRIES,4037,179,,,,,4038,179,,,,,4037.5,0.0
1,28000,STRAWBERRIES,4037,92,4036.0,194.0,,,4038,286,,,,,4037.5,0.0
1,28100,STRAWBERRIES,4036,283,,,,,4038,283,,,,,4037.0,0.0
1,28200,STRAWBERRIES,4037,231,,,,,4039,231,,,,,4038.0,0.0
1,28300,STRAWBERRIES,4037,246,,,,,4039,246,,,,,4038.0,0.0
1,28400,STRAWBERRIES,4037,225,,,,,4039,225,,,,,4038.0,0.0
1,28500,STRAWBERRIES,4036,206,,,,,4038,206,,,,,4037.0,0.0
1,28600,STRAWBERRIES,4036,170,,,,,4037,50,4038.0,120.0,,,4036.5,0.0
1,28700,STRAWBERRIES,4036,206,,,,,4037,59,4038.0,147.0,,,4036.5,0.0
1,28800,STRAWBERRIES,4036,227,,,,,4038,227,,,,,4037.0,0.0
1,28900,STRAWBERRIES,4036,282,,,,,4037,279,,,,,4036.5,0.0
1,29000,STRAWBERRIES,4036,235,,,,,4037,63,4038.0,172.0,,,4036.5,0.0
1,29100,STRAWBERRIES,4036,268,,,,,4037,268,,,,,4036.5,0.0
1,29200,STRAWBERRIES,4036,196,,,,,4037,90,4038.0,106.0,,,4036.5,0.0
1,29300,STRAWBERRIES,4036,57,4035.0,175.0,,,4037,232,,,,,4036.5,0.0
1,29400,STRAWBERRIES,4036,238,,,,,4037,58,4038.0,180.0,,,4036.5,0.0
1,29500,STRAWBERRIES,4036,257,,,,,4037,257,,,,,4036.5,0.0
1,29600,STRAWBERRIES,4036,202,,,,,4038,202,,,,,4037.0,0.0
1,29700,STRAWBERRIES,4037,68,4036.0,144.0,,,4038,212,,,,,4037.5,0.0
1,29800,STRAWBERRIES,4036,261,,,,,4037,74,4038.0,187.0,,,4036.5,0.0
1,29900,STRAWBERRIES,4036,287,,,,,4037,89,4038.0,198.0,,,4036.5,0.0
1,30000,STRAWBERRIES,4036,242,,,,,4038,242,,,,,4037.0,0.0
1,30100,STRAWBERRIES,4036,240,,,,,4038,240,,,,,4037.0,0.0
1,30200,STRAWBERRIES,4036,180,,,,,4038,180,,,,,4037.0,0.0
1,30300,STRAWBERRIES,4036,266,,,,,4037,89,4038.0,167.0,,,4036.5,0.0
1,30400,STRAWBERRIES,4036,256,,,,,4038,256,,,,,4037.0,0.0
1,30500,STRAWBERRIES,4036,227,,,,,4037,71,4038.0,163.0,,,4036.5,0.0
1,30600,STRAWBERRIES,4037,271,,,,,4038,271,,,,,4037.5,0.0
1,30700,STRAWBERRIES,4037,68,4036.0,199.0,,,4038,267,,,,,4037.5,0.0
1,30800,STRAWBERRIES,4036,221,,,,,4037,221,,,,,4036.5,0.0
1,30900,STRAWBERRIES,4036,219,,,,,4037,219,,,,,4036.5,0.0
1,31000,STRAWBERRIES,4036,226,,,,,4038,226,,,,,4037.0,0.0
1,31100,STRAWBERRIES,4036,59,4035.0,149.0,,,4037,208,,,,,4036.5,0.0
1,31200,STRAWBERRIES,4035,247,,,,,4037,247,,,,,4036.0,0.0
1,31300,STRAWBERRIES,4035,209,,,,,4037,209,,,,,4036.0,0.0
1,31400,STRAWBERRIES,4035,289,,,,,4036,94,4037.0,195.0,,,4035.5,0.0
1,31500,STRAWBERRIES,4034,229,,,,,4036,229,,,,,4035.0,0.0
1,31600,STRAWBERRIES,4035,86,4034.0,115.0,,,4036,201,,,,,4035.5,0.0
1,31700,STRAWBERRIES,4035,164,,,,,4036,164,,,,,4035.5,0.0
1,31800,STRAWBERRIES,4035,185,,,,,4037,185,,,,,4036.0,0.0
1,31900,STRAWBERRIES,4035,192,,,,,4037,192,,,,,4036.0,0.0
1,32000,STRAWBERRIES,4035,237,,,,,4036,237,,,,,4035.5,0.0
1,32100,STRAWBERRIES,4035,222,,,,,4037,222,,,,,4036.0,0.0
1,32200,STRAWBERRIES,4034,167,,,,,4036,167,,,,,4035.0,0.0
1,32300,STRAWBERRIES,4034,180,,,,,4036,180,,,,,4035.0,0.0
1,32400,STRAWBERRIES,4034,281,,,,,4035,88,4036.0,193.0,,,4034.5,0.0
1,32500,STRAWBERRIES,4034,285,,,,,4035,94,4036.0,194.0,,,4034.5,0.0
1,32600,STRAWBERRIES,4034,204,,,,,4036,204,,,,,4035.0,0.0
1,32700,STRAWBERRIES,4034,250,,,,,4035,98,4036.0,152.0,,,4034.5,0.0
1,32800,STRAWBERRIES,4034,206,,,,,4035,95,4036.0,111.0,,,4034.5,0.0
1,32900,STRAWBERRIES,4033,195,,,,,4035,195,,,,,4034.0,0.0
1,33000,STRAWBERRIES,4034,279,,,,,4035,279,,,,,4034.5,0.0
1,33100,STRAWBERRIES,4033,235,,,,,4035,235,,,,,4034.0,0.0
1,33200,STRAWBERRIES,4033,213,,,,,4035,213,,,,,4034.0,0.0
1,33300,STRAWBERRIES,4033,169,,,,,4034,66,4035.0,107.0,,,4033.5,0.0
1,33400,STRAWBERRIES,4033,204,,,,,4035,204,,,,,4034.0,0.0
1,33500,STRAWBERRIES,4032,253,,,,,4033,76,4034.0,177.0,,,4032.5,0.0
1,33600,STRAWBERRIES,4032,214,,,,,4034,214,,,,,4033.0,0.0
1,33700,STRAWBERRIES,4032,229,,,,,4033,229,,,,,4032.5,0.0
1,33800,STRAWBERRIES,4032,210,,,,,4033,210,,,,,4032.5,0.0
1,33900,STRAWBERRIES,4032,98,4031.0,135.0,,,4033,233,,,,,4032.5,0.0
1,34000,STRAWBERRIES,4033,63,4032.0,102.0,,,4034,165,,,,,4033.5,0.0
1,34100,STRAWBERRIES,4033,249,,,,,4034,249,,,,,4033.5,0.0
1,34200,STRAWBERRIES,4033,95,4032.0,188.0,,,4034,283,,,,,4033.5,0.0
1,34300,STRAWBERRIES,4033,281,,,,,4035,281,,,,,4034.0,0.0
1,34400,STRAWBERRIES,4033,267,,,,,4035,267,,,,,4034.0,0.0
1,34500,STRAWBERRIES,4033,193,,,,,4034,193,,,,,4033.5,0.0
1,34600,STRAWBERRIES,4032,168,,,,,4034,168,,,,,4033.0,0.0
1,34700,STRAWBERRIES,4033,194,,,,,4034,194,,,,,4033.5,0.0
1,34800,STRAWBERRIES,4033,78,4032.0,160.0,,,4034,249,,,,,4033.5,0.0
1,34900,STRAWBERRIES,4032,253,,,,,4034,253,,,,,4033.0,0.0
1,35000,STRAWBERRIES,4032,283,,,,,4033,89,4034.0,189.0,,,4032.5,0.0
1,35100,STRAWBERRIES,4033,61,4032.0,178.0,,,4034,239,,,,,4033.5,0.0
1,35200,STRAWBERRIES,4033,179,,,,,4034,76,4035.0,110.0,,,4033.5,0.0
1,35300,STRAWBERRIES,4033,177,,,,,4034,177,,,,,4033.5,0.0
1,35400,STRAWBERRIES,4033,5,4032.0,211.0,,,4034,211,,,,,4033.5,0.0
1,35500,STRAWBERRIES,4032,195,,,,,4033,55,4034.0,140.0,,,4032.5,0.0
1,35600,STRAWBERRIES,4032,249,,,,,4033,56,4034.0,193.0,,,4032.5,0.0
1,35700,STRAWBERRIES,4032,247,,,,,4033,247,,,,,4032.5,0.0
1,35800,STRAWBERRIES,4032,54,4031.0,122.0,,,4033,176,,,,,4032.5,0.0
1,35900,STRAWBERRIES,4033,51,4032.0,125.0,,,4034,176,,,,,4033.5,0.0
1,36000,STRAWBERRIES,4033,195,,,,,4035,195,,,,,4034.0,0.0
1,36100,STRAWBERRIES,4034,250,,,,,4035,245,,,,,4034.5,0.0
1,36200,STRAWBERRIES,4035,5,4034.0,261.0,,,4036,261,,,,,4035.5,0.0
1,36300,STRAWBERRIES,4035,187,,,,,4036,199,,,,,4035.5,0.0
1,36400,STRAWBERRIES,4035,269,,,,,4036,5,4037.0,269.0,,,4035.5,0.0
1,36500,STRAWBERRIES,4036,207,,,,,4037,207,,,,,4036.5,0.0
1,36600,STRAWBERRIES,4036,215,,,,,4038,215,,,,,4037.0,0.0
1,36700,STRAWBERRIES,4036,203,,,,,4037,61,4038.0,142.0,,,4036.5,0.0
1,36800,STRAWBERRIES,4036,227,,,,,4038,227,,,,,4037.0,0.0
1,36900,STRAWBERRIES,4037,202,,,,,4038,97,4039.0,105.0,,,4037.5,0.0
1,37000,STRAWBERRIES,4037,63,4036.0,156.0,,,4038,219,,,,,4037.5,0.0
1,37100,STRAWBERRIES,4036,260,,,,,4038,260,,,,,4037.0,0.0
1,37200,STRAWBERRIES,4037,211,,,,,4038,69,4039.0,142.0,,,4037.5,0.0
1,37300,STRAWBERRIES,4037,189,,,,,4038,64,4039.0,125.0,,,4037.5,0.0
1,37400,STRAWBERRIES,4037,99,4036.0,177.0,,,4038,276,,,,,4037.5,0.0
1,37500,STRAWBERRIES,4036,258,,,,,4038,258,,,,,4037.0,0.0
1,37600,STRAWBERRIES,4037,177,,,,,4038,177,,,,,4037.5,0.0
1,37700,STRAWBERRIES,4037,91,4036.0,120.0,,,4038,211,,,,,4037.5,0.0
1,37800,STRAWBERRIES,4036,284,,,,,4038,284,,,,,4037.0,0.0
1,37900,STRAWBERRIES,4036,59,4035.0,158.0,,,4037,217,,,,,4036.5,0.0
1,38000,STRAWBERRIES,4036,220,,,,,4037,220,,,,,4036.5,0.0
1,38100,STRAWBERRIES,4036,100,4035.0,155.0,,,4037,255,,,,,4036.5,0.0
1,38200,STRAWBERRIES,4036,242,,,,,4037,50,4038.0,192.0,,,4036.5,0.0
1,38300,STRAWBERRIES,4036,191,,,,,4038,191,,,,,4037.0,0.0
1,38400,STRAWBERRIES,4036,225,,,,,4038,225,,,,,4037.0,0.0
1,38500,STRAWBERRIES,4037,67,4036.0,117.0,,,4038,184,,,,,4037.5,0.0
1,38600,STRAWBERRIES,4036,212,,,,,4038,212,,,,,4037.0,0.0
1,38700,STRAWBERRIES,4036,243,,,,,4038,243,,,,,4037.0,0.0
1,38800,STRAWBERRIES,4036,237,,,,,4038,237,,,,,4037.0,0.0
1,38900,STRAWBERRIES,4037,62,4036.0,188.0,,,4038,250,,,,,4037.5,0.0
1,39000,STRAWBERRIES,4036,194,,,,,4038,194,,,,,4037.0,0.0
1,39100,STRAWBERRIES,4036,204,,,,,4037,71,4038.0,133.0,,,4036.5,0.0
1,39200,STRAWBERRIES,4036,193,,,,,4038,193,,,,,4037.0,0.0
1,39300,STRAWBERRIES,4036,201,,,,,4037,72,4038.0,129.0,,,4036.5,0.0
1,39400,STRAWBERRIES,4036,179,,,,,4038,179,,,,,4037.0,0.0
1,39500,STRAWBERRIES,4036,266,,,,,4037,75,4038.0,191.0,,,4036.5,0.0
1,39600,STRAWBERRIES,4036,60,4035.0,145.0,,,4037,205,,,,,4036.5,0.0
1,39700,STRAWBERRIES,4036,268,,,,,4037,89,4038.0,179.0,,,4036.5,0.0
1,39800,STRAWBERRIES,4036,54,4035.0,191.0,,,4037,245,,,,,4036.5,0.0
1,39900,STRAWBERRIES,4036,237,,,,,4037,73,4038.0,164.0,,,4036.5,0.0
1,40000,STRAWBERRIES,4036,203,,,,,4038,203,,,,,4037.0,0.0
1,40100,STRAWBERRIES,4036,210,,,,,4037,94,4038.0,116.0,,,4036.5,0.0
1,40200,STRAWBERRIES,4037,211,,,,,4038,211,,,,,4037.5,0.0
1,40300,STRAWBERRIES,4037,213,,,,,4038,99,4039.0,114.0,,,4037.5,0.0
1,40400,STRAWBERRIES,4037,54,4036.0,128.0,,,4038,182,,,,,4037.5,0.0
1,40500,STRAWBERRIES,4037,201,,,,,4039,206,,,,,4038.0,0.0
1,40600,STRAWBERRIES,4037,259,,,,,4038,68,4039.0,191.0,,,4037.5,0.0
1,40700,STRAWBERRIES,4037,237,,,,,4038,63,4039.0,174.0,,,4037.5,0.0
1,40800,STRAWBERRIES,4037,226,,,,,4039,226,,,,,4038.0,0.0
1,40900,STRAWBERRIES,4037,243,,,,,4039,243,,,,,4038.0,0.0
1,41000,STRAWBERRIES,4036,242,,,,,4037,7,4038.0,242.0,,,4036.5,0.0
1,41100,STRAWBERRIES,4036,177,,,,,4038,177,,,,,4037.0,0.0
1,41200,STRAWBERRIES,4036,188,,,,,4038,198,,,,,4037.0,0.0
1,41300,STRAWBERRIES,4036,221,,,,,4037,76,4038.0,145.0,,,4036.5,0.0
1,41400,STRAWBERRIES,4036,278,,,,,4038,281,,,,,4037.0,0.0
1,41500,STRAWBERRIES,4037,72,4036.0,189.0,,,4038,261,,,,,4037.5,0.0
1,41600,STRAWBERRIES,4037,188,,,,,4038,52,4039.0,136.0,,,4037.5,0.0
1,41700,STRAWBERRIES,4038,51,4037.0,150.0,,,4039,201,,,,,4038.5,0.0
1,41800,STRAWBERRIES,4038,226,,,,,4039,226,,,,,4038.5,0.0
1,41900,STRAWBERRIES,4038,291,,,,,4039,98,4040.0,193.0,,,4038.5,0.0
1,42000,STRAWBERRIES,4038,234,,,,,4040,234,,,,,4039.0,0.0
1,42100,STRAWBERRIES,4038,269,,,,,4040,269,,,,,4039.0,0.0
1,42200,STRAWBERRIES,4038,251,,,,,4039,50,4040.0,194.0,,,4038.5,0.0
1,42300,STRAWBERRIES,4038,281,,,,,4040,281,,,,,4039.0,0.0
1,42400,STRAWBERRIES,4038,261,,,,,4039,261,,,,,4038.5,0.0
1,42500,STRAWBERRIES,4038,62,4037.0,165.0,,,4039,239,,,,,4038.5,0.0
1,42600,STRAWBERRIES,4038,81,4037.0,157.0,,,4039,238,,,,,4038.5,0.0
1,42700,STRAWBERRIES,4038,222,,,,,4039,222,,,,,4038.5,0.0
1,42800,STRAWBERRIES,4038,267,,,,,4040,267,,,,,4039.0,0.0
1,42900,STRAWBERRIES,4038,251,,,,,4039,251,,,,,4038.5,0.0
1,43000,STRAWBERRIES,4037,51,4036.0,193.0,,,4038,244,,,,,4037.5,0.0
1,43100,STRAWBERRIES,4036,251,,,,,4038,251,,,,,4037.0,0.0
1,43200,STRAWBERRIES,4036,251,,,,,4037,66,4038.0,182.0,,,4036.5,0.0
1,43300,STRAWBERRIES,4036,58,4035.0,169.0,,,4037,227,,,,,4036.5,0.0
1,43400,STRAWBERRIES,4036,68,4035.0,149.0,,,4037,217,,,,,4036.5,0.0
1,43500,STRAWBERRIES,4035,245,,,,,4036,11,4037.0,245.0,,,4035.5,0.0
1,43600,STRAWBERRIES,4036,203,,,,,4037,203,,,,,4036.5,0.0
1,43700,STRAWBERRIES,4036,157,,,,,4038,157,,,,,4037.0,0.0
1,43800,STRAWBERRIES,4037,225,,,,,4038,225,,,,,4037.5,0.0
1,43900,STRAWBERRIES,4038,89,4037.0,172.0,,,4039,261,,,,,4038.5,0.0
1,44000,STRAWBERRIES,4038,68,4037.0,156.0,,,4039,219,,,,,4038.5,0.0
1,44100,STRAWBERRIES,4037,247,,,,,4038,71,4039.0,176.0,,,4037.5,0.0
1,44200,STRAWBERRIES,4037,191,,,,,4039,191,,,,,4038.0,0.0
1,44300,STRAWBERRIES,4038,294,,,,,4039,294,,,,,4038.5,0.0
1,44400,STRAWBERRIES,4037,266,,,,,4039,266,,,,,4038.0,0.0
1,44500,STRAWBERRIES,4037,213,,,,,4039,213,,,,,4038.0,0.0
1,44600,STRAWBERRIES,4037,199,,,,,4039,199,,,,,4038.0,0.0
1,44700,STRAWBERRIES,4038,174,,,,,4039,174,,,,,4038.5,0.0
1,44800,STRAWBERRIES,4038,251,,,,,4039,251,,,,,4038.5,0.0
1,44900,STRAWBERRIES,4038,85,4037.0,182.0,,,4039,267,,,,,4038.5,0.0
1,45000,STRAWBERRIES,4038,198,,,,,4039,198,,,,,4038.5,0.0
1,45100,STRAWBERRIES,4038,227,,,,,4039,51,4040.0,176.0,,,4038.5,0.0
1,45200,STRAWBERRIES,4038,215,,,,,4040,215,,,,,4039.0,0.0
1,45300,STRAWBERRIES,4038,215,,,,,4039,215,,,,,4038.5,0.0
1,45400,STRAWBERRIES,4038,204,,,,,4039,96,4040.0,108.0,,,4038.5,0.0
1,45500,STRAWBERRIES,4037,250,,,,,4039,250,,,,,4038.0,0.0
1,45600,STRAWBERRIES,4037,80,4036.0,181.0,,,4038,261,,,,,4037.5,0.0
1,45700,STRAWBERRIES,4037,59,4036.0,173.0,,,4038,232,,,,,4037.5,0.0
1,45800,STRAWBERRIES,4037,89,4036.0,107.0,,,4038,196,,,,,4037.5,0.0
1,45900,STRAWBERRIES,4036,291,,,,,4037,97,4038.0,194.0,,,4036.5,0.0
1,46000,STRAWBERRIES,4036,100,4035.0,187.0,,,4037,287,,,,,4036.5,0.0
1,46100,STRAWBERRIES,4036,195,,,,,4037,195,,,,,4036.5,0.0
1,46200,STRAWBERRIES,4036,227,,,,,4038,227,,,,,4037.0,0.0
1,46300,STRAWBERRIES,4037,196,,,,,4038,68,4039.0,128.0,,,4037.5,0.0
1,46400,STRAWBERRIES,4036,186,,,,,4038,186,,,,,4037.0,0.0
1,46500,STRAWBERRIES,4036,226,,,,,4037,88,4038.0,129.0,,,4036.5,0.0
1,46600,STRAWBERRIES,4037,80,4036.0,110.0,,,4038,190,,,,,4037.5,0.0
1,46700,STRAWBERRIES,4036,210,,,,,4038,210,,,,,4037.0,0.0
1,46800,STRAWBERRIES,4037,9,4036.0,266.0,,,4038,266,,,,,4037.5,0.0
1,46900,STRAWBERRIES,4036,266,,,,,4037,84,4038.0,182.0,,,4036.5,0.0
1,47000,STRAWBERRIES,4036,221,,,,,4037,232,,,,,4036.5,0.0
1,47100,STRAWBERRIES,4036,260,,,,,4037,79,4038.0,181.0,,,4036.5,0.0
1,47200,STRAWBERRIES,4036,74,4035.0,107.0,,,4037,181,,,,,4036.5,0.0
1,47300,STRAWBERRIES,4036,179,,,,,4037,56,4038.0,123.0,,,4036.5,0.0
1,47400,STRAWBERRIES,4036,90,4035.0,139.0,,,4037,229,,,,,4036.5,0.0
1,47500,STRAWBERRIES,4036,183,,,,,4037,183,,,,,4036.5,0.0
1,47600,STRAWBERRIES,4036,254,,,,,4038,254,,,,,4037.0,0.0
1,47700,STRAWBERRIES,4036,176,,,,,4038,176,,,,,4037.0,0.0
1,47800,STRAWBERRIES,4036,197,,,,,4038,207,,,,,4037.0,0.0
1,47900,STRAWBERRIES,4036,275,,,,,4038,275,,,,,4037.0,0.0
1,48000,STRAWBERRIES,4037,178,,,,,4038,178,,,,,4037.5,0.0
1,48100,STRAWBERRIES,4037,62,4036.0,173.0,,,4038,235,,,,,4037.5,0.0
1,48200,STRAWBERRIES,4036,182,,,,,4038,182,,,,,4037.0,0.0
1,48300,STRAWBERRIES,4036,86,4035.0,179.0,,,4037,265,,,,,4036.5,0.0
1,48400,STRAWBERRIES,4036,168,,,,,4038,168,,,,,4037.0,0.0
1,48500,STRAWBERRIES,4036,226,,,,,4037,226,,,,,4036.5,0.0
1,48600,STRAWBERRIES,4035,210,,,,,4037,210,,,,,4036.0,0.0
1,48700,STRAWBERRIES,4035,230,,,,,4037,230,,,,,4036.0,0.0
1,48800,STRAWBERRIES,4035,90,4034.0,154.0,,,4036,244,,,,,4035.5,0.0
1,48900,STRAWBERRIES,4035,90,4034.0,117.0,,,4036,207,,,,,4035.5,0.0
1,49000,STRAWBERRIES,4034,216,,,,,4036,216,,,,,4035.0,0.0
1,49100,STRAWBERRIES,4034,175,,,,,4036,175,,,,,4035.0,0.0
1,49200,STRAWBERRIES,4034,235,,,,,4036,235,,,,,4035.0,0.0
1,49300,STRAWBERRIES,4035,214,,,,,4036,214,,,,,4035.5,0.0
1,49400,STRAWBERRIES,4035,178,,,,,4036,64,4037.0,114.0,,,4035.5,0.0
1,49500,STRAWBERRIES,4035,252,,,,,4037,252,,,,,4036.0,0.0
1,49600,STRAWBERRIES,4035,205,,,,,4037,205,,,,,4036.0,0.0
1,49700,STRAWBERRIES,4036,274,,,,,4037,92,4038.0,182.0,,,4036.5,0.0
1,49800,STRAWBERRIES,4036,86,4035.0,105.0,,,4037,191,,,,,4036.5,0.0
1,49900,STRAWBERRIES,4036,59,4035.0,126.0,,,4037,182,,,,,4036.5,0.0
1,50000,STRAWBERRIES,4036,292,,,,,4037,292,,,,,4036.5,0.0
1,50100,STRAWBERRIES,4036,195,,,,,4037,66,4038.0,129.0,,,4036.5,0.0
1,50200,STRAWBERRIES,4036,211,,,,,4037,11,4038.0,211.0,,,4036.5,0.0
1,50300,STRAWBERRIES,4037,57,4036.0,108.0,,,4038,165,,,,,4037.5,0.0
1,50400,STRAWBERRIES,4037,218,,,,,4038,76,4039.0,142.0,,,4037.5,0.0
1,50500,STRAWBERRIES,4037,201,,,,,4038,74,4039.0,127.0,,,4037.5,0.0
1,50600,STRAWBERRIES,4037,249,,,,,4038,79,4039.0,170.0,,,4037.5,0.0
1,50700,STRAWBERRIES,4037,248,,,,,4038,52,4039.0,196.0,,,4037.5,0.0
1,50800,STRAWBERRIES,4037,262,,,,,4039,262,,,,,4038.0,0.0
1,50900,STRAWBERRIES,4038,203,,,,,4039,203,,,,,4038.5,0.0
1,51000,STRAWBERRIES,4038,257,,,,,4039,257,,,,,4038.5,0.0
1,51100,STRAWBERRIES,4038,80,4037.0,156.0,,,4039,236,,,,,4038.5,0.0
1,51200,STRAWBERRIES,4038,80,4037.0,200.0,,,4039,280,,,,,4038.5,0.0
1,51300,STRAWBERRIES,4037,246,,,,,4039,246,,,,,4038.0,0.0
1,51400,STRAWBERRIES,4038,91,4037.0,127.0,,,4039,218,,,,,4038.5,0.0
1,51500,STRAWBERRIES,4037,225,,,,,4038,9,4039.0,225.0,,,4037.5,0.0
1,51600,STRAWBERRIES,4038,185,,,,,4039,185,,,,,4038.5,0.0
1,51700,STRAWBERRIES,4038,272,,,,,4039,272,,,,,4038.5,0.0
1,51800,STRAWBERRIES,4038,252,,,,,4039,63,4040.0,189.0,,,4038.5,0.0
1,51900,STRAWBERRIES,4038,211,,,,,4039,86,4040.0,125.0,,,4038.5,0.0
1,52000,STRAWBERRIES,4038,58,4037.0,182.0,,,4039,240,,,,,4038.5,0.0
1,52100,STRAWBERRIES,4038,263,,,,,4040,263,,,,,4039.0,0.0
1,52200,STRAWBERRIES,4038,256,,,,,4040,256,,,,,4039.0,0.0
1,52300,STRAWBERRIES,4038,206,,,,,4040,206,,,,,4039.0,0.0
1,52400,STRAWBERRIES,4038,269,,,,,4040,269,,,,,4039.0,0.0
1,52500,STRAWBERRIES,4038,63,4037.0,198.0,,,4039,261,,,,,4038.5,0.0
1,52600,STRAWBERRIES,4038,87,4037.0,106.0,,,4039,193,,,,,4038.5,0.0
1,52700,STRAWBERRIES,4038,55,4037.0,165.0,,,4039,231,,,,,4038.5,0.0
1,52800,STRAWBERRIES,4038,265,,,,,4040,265,,,,,4039.0,0.0
1,52900,STRAWBERRIES,4039,205,,,,,4040,205,,,,,4039.5,0.0
1,53000,STRAWBERRIES,4039,64,4038.0,114.0,,,4040,178,,,,,4039.5,0.0
1,53100,STRAWBERRIES,4037,171,,,,,4039,171,,,,,4038.0,0.0
1,53200,STRAWBERRIES,4037,224,,,,,4038,60,4039.0,164.0,,,4037.5,0.0
1,53300,STRAWBERRIES,4037,86,4036.0,156.0,,,4038,242,,,,,4037.5,0.0
1,53400,STRAWBERRIES,4037,92,4036.0,101.0,,,4038,193,,,,,4037.5,0.0
1,53500,STRAWBERRIES,4036,237,,,,,4037,99,4038.0,138.0,,,4036.5,0.0
1,53600,STRAWBERRIES,4036,246,,,,,4037,64,4038.0,187.0,,,4036.5,0.0
1,53700,STRAWBERRIES,4036,232,,,,,4038,232,,,,,4037.0,0.0
1,53800,STRAWBERRIES,4037,97,4036.0,151.0,,,4038,248,,,,,4037.5,0.0
1,53900,STRAWBERRIES,4037,93,4036.0,159.0,,,4038,252,,,,,4037.5,0.0
1,54000,STRAWBERRIES,4037,60,4036.0,124.0,,,4038,184,,,,,4037.5,0.0
1,54100,STRAWBERRIES,4037,186,,,,,4038,60,4039.0,126.0,,,4037.5,0.0
1,54200,STRAWBERRIES,4037,52,4036.0,188.0,,,4038,240,,,,,4037.5,0.0
1,54300,STRAWBERRIES,4037,184,,,,,4038,184,,,,,4037.5,0.0
1,54400,STRAWBERRIES,4037,178,,,,,4039,181,,,,,4038.0,0.0
1,54500,STRAWBERRIES,4038,67,4037.0,118.0,,,4039,185,,,,,4038.5,0.0
1,54600,STRAWBERRIES,4037,186,,,,,4039,186,,,,,4038.0,0.0
1,54700,STRAWBERRIES,4037,293,,,,,4039,285,,,,,4038.0,0.0
1,54800,STRAWBERRIES,4038,219,,,,,4039,219,,,,,4038.5,0.0
1,54900,STRAWBERRIES,4038,4,4037.0,220.0,,,4039,220,,,,,4038.5,0.0
1,55000,STRAWBERRIES,4038,250,,,,,4040,250,,,,,4039.0,0.0
1,55100,STRAWBERRIES,4038,275,,,,,4040,275,,,,,4039.0,0.0
1,55200,STRAWBERRIES,4039,47,4038.0,132.0,,,4040,185,,,,,4039.5,0.0
1,55300,STRAWBERRIES,4039,300,,,,,4040,95,4041.0,194.0,,,4039.5,0.0
1,55400,STRAWBERRIES,4039,206,,,,,4040,206,,,,,4039.5,0.0
1,55500,STRAWBERRIES,4039,171,,,,,4041,171,,,,,4040.0,0.0
1,55600,STRAWBERRIES,4038,215,,,,,4040,215,,,,,4039.0,0.0
1,55700,STRAWBERRIES,4039,98,4038.0,181.0,,,4040,279,,,,,4039.5,0.0
1,55800,STRAWBERRIES,4039,247,,,,,4040,247,,,,,4039.5,0.0
1,55900,STRAWBERRIES,4038,230,,,,,4040,230,,,,,4039.0,0.0
1,56000,STRAWBERRIES,4039,72,4038.0,137.0,,,4040,214,,,,,4039.5,0.0
1,56100,STRAWBERRIES,4039,212,,,,,4040,212,,,,,4039.5,0.0
1,56200,STRAWBERRIES,4039,166,,,,,4040,166,,,,,4039.5,0.0
1,56300,STRAWBERRIES,4038,186,,,,,4040,186,,,,,4039.0,0.0
1,56400,STRAWBERRIES,4039,239,,,,,4040,239,,,,,4039.5,0.0
1,56500,STRAWBERRIES,4039,230,,,,,4041,230,,,,,4040.0,0.0
1,56600,STRAWBERRIES,4039,187,,,,,4040,59,4041.0,128.0,,,4039.5,0.0
1,56700,STRAWBERRIES,4039,211,,,,,4041,211,,,,,4040.0,0.0
1,56800,STRAWBERRIES,4039,295,,,,,4040,295,,,,,4039.5,0.0
1,56900,STRAWBERRIES,4038,217,,,,,4039,53,4040.0,164.0,,,4038.5,0.0
1,57000,STRAWBERRIES,4038,156,,,,,4039,156,,,,,4038.5,0.0
1,57100,STRAWBERRIES,4038,54,4037.0,154.0,,,4039,208,,,,,4038.5,0.0
1,57200,STRAWBERRIES,4038,57,4037.0,156.0,,,4039,213,,,,,4038.5,0.0
1,57300,STRAWBERRIES,4037,231,,,,,4039,231,,,,,4038.0,0.0
1,57400,STRAWBERRIES,4037,219,,,,,4038,52,4039.0,167.0,,,4037.5,0.0
1,57500,STRAWBERRIES,4037,173,,,,,4038,173,,,,,4037.5,0.0
1,57600,STRAWBERRIES,4037,213,,,,,4039,213,,,,,4038.0,0.0
1,57700,STRAWBERRIES,4037,245,,,,,4038,81,4039.0,175.0,,,4037.5,0.0
1,57800,STRAWBERRIES,4037,80,4036.0,105.0,,,4038,185,,,,,4037.5,0.0
1,57900,STRAWBERRIES,4037,156,,,,,4038,55,4039.0,101.0,,,4037.5,0.0
1,58000,STRAWBERRIES,4037,79,4036.0,122.0,,,4038,201,,,,,4037.5,0.0
1,58100,STRAWBERRIES,4037,221,,,,,4038,221,,,,,4037.5,0.0
1,58200,STRAWBERRIES,4038,79,4037.0,108.0,,,4039,175,,,,,4038.5,0.0
1,58300,STRAWBERRIES,4038,222,,,,,4039,222,,,,,4038.5,0.0
1,58400,STRAWBERRIES,4038,199,,,,,4039,199,,,,,4038.5,0.0
1,58500,STRAWBERRIES,4037,241,,,,,4038,11,4039.0,241.0,,,4037.5,0.0
1,58600,STRAWBERRIES,4037,221,,,,,4039,221,,,,,4038.0,0.0
1,58700,STRAWBERRIES,4037,287,,,,,4038,287,,,,,4037.5,0.0
1,58800,STRAWBERRIES,4037,234,,,,,4038,234,,,,,4037.5,0.0
1,58900,STRAWBERRIES,4036,249,,,,,4038,249,,,,,4037.0,0.0
1,59000,STRAWBERRIES,4036,186,,,,,4038,186,,,,,4037.0,0.0
1,59100,STRAWBERRIES,4036,201,,,,,4038,201,,,,,4037.0,0.0
1,59200,STRAWBERRIES,4037,69,4036.0,159.0,,,4038,228,,,,,4037.5,0.0
1,59300,STRAWBERRIES,4036,225,,,,,4038,225,,,,,4037.0,0.0
1,59400,STRAWBERRIES,4036,239,,,,,4038,239,,,,,4037.0,0.0
1,59500,STRAWBERRIES,4036,222,,,,,4038,222,,,,,4037.0,0.0
1,59600,STRAWBERRIES,4037,96,4036.0,122.0,,,4038,218,,,,,4037.5,0.0
1,59700,STRAWBERRIES,4036,221,,,,,4038,221,,,,,4037.0,0.0
1,59800,STRAWBERRIES,4036,212,,,,,4038,212,,,,,4037.0,0.0
1,59900,STRAWBERRIES,4037,287,,,,,4039,287,,,,,4038.0,0.0
1,60000,STRAWBERRIES,4037,169,,,,,4039,169,,,,,4038.0,0.0
1,60100,STRAWBERRIES,4037,87,4036.0,132.0,,,4038,219,,,,,4037.5,0.0
1,60200,STRAWBERRIES,4037,99,4036.0,187.0,,,4038,286,,,,,4037.5,0.0
1,60300,STRAWBERRIES,4037,257,,,,,4038,62,4039.0,195.0,,,4037.5,0.0
1,60400,STRAWBERRIES,4037,187,,,,,4038,53,4039.0,138.0,,,4037.5,0.0
1,60500,STRAWBERRIES,4037,208,,,,,4038,69,4039.0,139.0,,,4037.5,0.0
1,60600,STRAWBERRIES,4037,69,4036.0,152.0,,,4038,221,,,,,4037.5,0.0
1,60700,STRAWBERRIES,4036,275,,,,,4038,275,,,,,4037.0,0.0
1,60800,STRAWBERRIES,4036,203,,,,,4038,203,,,,,4037.0,0.0
1,60900,STRAWBERRIES,4036,262,,,,,4037,96,4038.0,166.0,,,4036.5,0.0
1,61000,STRAWBERRIES,4036,282,,,,,4037,275,,,,,4036.5,0.0
1,61100,STRAWBERRIES,4036,234,,,,,4038,234,,,,,4037.0,0.0
1,61200,STRAWBERRIES,4037,58,4036.0,152.0,,,4038,210,,,,,4037.5,0.0
1,61300,STRAWBERRIES,4037,91,4036.0,120.0,,,4038,211,,,,,4037.5,0.0
1,61400,STRAWBERRIES,4037,279,,,,,4038,87,4039.0,192.0,,,4037.5,0.0
1,61500,STRAWBERRIES,4038,73,4037.0,137.0,,,4039,210,,,,,4038.5,0.0
1,61600,STRAWBERRIES,4038,70,4037.0,151.0,,,4039,221,,,,,4038.5,0.0
1,61700,STRAWBERRIES,4037,195,,,,,4038,195,,,,,4037.5,0.0
1,61800,STRAWBERRIES,4037,262,,,,,4039,262,,,,,4038.0,0.0
1,61900,STRAWBERRIES,4037,180,,,,,4039,180,,,,,4038.0,0.0
1,62000,STRAWBERRIES,4037,225,,,,,4038,9,4039.0,225.0,,,4037.5,0.0
1,62100,STRAWBERRIES,4038,51,4037.0,189.0,,,4039,240,,,,,4038.5,0.0
1,62200,STRAWBERRIES,4038,175,,,,,4039,175,,,,,4038.5,0.0
1,62300,STRAWBERRIES,4038,206,,,,,4039,99,4040.0,107.0,,,4038.5,0.0
1,62400,STRAWBERRIES,4038,276,,,,,4039,276,,,,,4038.5,0.0
1,62500,STRAWBERRIES,4038,237,,,,,4040,237,,,,,4039.0,0.0
1,62600,STRAWBERRIES,4038,193,,,,,4040,193,,,,,4039.0,0.0
1,62700,STRAWBERRIES,4038,64,4037.0,154.0,,,4039,218,,,,,4038.5,0.0
1,62800,STRAWBERRIES,4038,209,,,,,4039,209,,,,,4038.5,0.0
1,62900,STRAWBERRIES,4038,256,,,,,4040,256,,,,,4039.0,0.0
1,63000,STRAWBERRIES,4039,51,4038.0,141.0,,,4040,192,,,,,4039.5,0.0
1,63100,STRAWBERRIES,4039,218,,,,,4041,218,,,,,4040.0,0.0
1,63200,STRAWBERRIES,4040,211,,,,,4042,211,,,,,4041.0,0.0
1,63300,STRAWBERRIES,4040,211,,,,,4041,211,,,,,4040.5,0.0
1,63400,STRAWBERRIES,4040,62,4039.0,101.0,,,4041,163,,,,,4040.5,0.0
1,63500,STRAWBERRIES,4040,181,,,,,4041,181,,,,,4040.5,0.0
1,63600,STRAWBERRIES,4040,206,,,,,4042,206,,,,,4041.0,0.0
1,63700,STRAWBERRIES,4040,232,,,,,4042,232,,,,,4041.0,0.0
1,63800,STRAWBERRIES,4040,215,,,,,4041,12,4042.0,215.0,,,4040.5,0.0
1,63900,STRAWBERRIES,4041,255,,,,,4042,96,4043.0,159.0,,,4041.5,0.0
1,64000,STRAWBERRIES,4041,218,,,,,4043,218,,,,,4042.0,0.0
1,64100,STRAWBERRIES,4041,175,,,,,4042,67,4043.0,108.0,,,4041.5,0.0
1,64200,STRAWBERRIES,4041,231,,,,,4042,77,4043.0,154.0,,,4041.5,0.0
1,64300,STRAWBERRIES,4042,60,4041.0,137.0,,,4043,197,,,,,4042.5,0.0
1,64400,STRAWBERRIES,4041,179,,,,,4042,179,,,,,4041.5,0.0
1,64500,STRAWBERRIES,4041,192,,,,,4043,192,,,,,4042.0,0.0
1,64600,STRAWBERRIES,4041,248,,,,,4043,248,,,,,4042.0,0.0
1,64700,STRAWBERRIES,4041,163,,,,,4042,61,4043.0,102.0,,,4041.5,0.0
1,64800,STRAWBERRIES,4042,52,4041.0,147.0,,,4043,199,,,,,4042.5,0.0
1,64900,STRAWBERRIES,4042,94,4041.0,130.0,,,4043,224,,,,,4042.5,0.0
1,65000,STRAWBERRIES,4042,260,,,,,4043,76,4044.0,184.0,,,4042.5,0.0
1,65100,STRAWBERRIES,4042,232,,,,,4044,232,,,,,4043.0,0.0
1,65200,STRAWBERRIES,4042,165,,,,,4044,177,,,,,4043.0,0.0
1,65300,STRAWBERRIES,4041,222,,,,,4043,222,,,,,4042.0,0.0
1,65400,STRAWBERRIES,4042,97,4041.0,178.0,,,4043,275,,,,,4042.5,0.0
1,65500,STRAWBERRIES,4042,9,4041.0,215.0,,,4043,215,,,,,4042.5,0.0
1,65600,STRAWBERRIES,4042,243,,,,,4043,243,,,,,4042.5,0.0
1,65700,STRAWBERRIES,4042,50,4041.0,152.0,,,4043,202,,,,,4042.5,0.0
1,65800,STRAWBERRIES,4042,86,4041.0,154.0,,,4043,240,,,,,4042.5,0.0
1,65900,STRAWBERRIES,4041,263,,,,,4043,263,,,,,4042.0,0.0
1,66000,STRAWBERRIES,4041,262,,,,,4042,262,,,,,4041.5,0.0
1,66100,STRAWBERRIES,4041,197,,,,,4042,197,,,,,4041.5,0.0
1,66200,STRAWBERRIES,4040,222,,,,,4042,222,,,,,4041.0,0.0
1,66300,STRAWBERRIES,4040,279,,,,,4042,279,,,,,4041.0,0.0
1,66400,STRAWBERRIES,4040,193,,,,,4042,193,,,,,4041.0,0.0
1,66500,STRAWBERRIES,4041,70,4040.0,135.0,,,4042,205,,,,,4041.5,0.0
1,66600,STRAWBERRIES,4041,201,,,,,4042,99,4043.0,102.0,,,4041.5,0.0
1,66700,STRAWBERRIES,4041,218,,,,,4043,218,,,,,4042.0,0.0
1,66800,STRAWBERRIES,4041,176,,,,,4043,176,,,,,4042.0,0.0
1,66900,STRAWBERRIES,4041,285,,,,,4043,285,,,,,4042.0,0.0
1,67000,STRAWBERRIES,4040,182,,,,,4042,182,,,,,4041.0,0.0
1,67100,STRAWBERRIES,4040,204,,,,,4041,204,,,,,4040.5,0.0
1,67200,STRAWBERRIES,4040,226,,,,,4041,226,,,,,4040.5,0.0
1,67300,STRAWBERRIES,4040,4,4039.0,251.0,,,4041,251,,,,,4040.5,0.0
1,67400,STRAWBERRIES,4040,71,4039.0,106.0,,,4041,177,,,,,4040.5,0.0
1,67500,STRAWBERRIES,4039,242,,,,,4041,242,,,,,4040.0,0.0
1,67600,STRAWBERRIES,4039,249,,,,,4040,249,,,,,4039.5,0.0
1,67700,STRAWBERRIES,4039,242,,,,,4040,70,4041.0,172.0,,,4039.5,0.0
1,67800,STRAWBERRIES,4039,286,,,,,4041,286,,,,,4040.0,0.0
1,67900,STRAWBERRIES,4039,227,,,,,4041,227,,,,,4040.0,0.0
1,68000,STRAWBERRIES,4039,248,,,,,4041,248,,,,,4040.0,0.0
1,68100,STRAWBERRIES,4039,197,,,,,4040,197,,,,,4039.5,0.0
1,68200,STRAWBERRIES,4040,53,4039.0,113.0,,,4041,166,,,,,4040.5,0.0
1,68300,STRAWBERRIES,4040,227,,,,,4041,227,,,,,4040.5,0.0
1,68400,STRAWBERRIES,4039,201,,,,,4041,201,,,,,4040.0,0.0
1,68500,STRAWBERRIES,4039,204,,,,,4040,74,4041.0,130.0,,,4039.5,0.0
1,68600,STRAWBERRIES,4039,245,,,,,4040,245,,,,,4039.5,0.0
1,68700,STRAWBERRIES,4039,177,,,,,4041,177,,,,,4040.0,0.0
1,68800,STRAWBERRIES,4039,164,,,,,4041,164,,,,,4040.0,0.0
1,68900,STRAWBERRIES,4039,163,,,,,4040,163,,,,,4039.5,0.0
1,69000,STRAWBERRIES,4039,203,,,,,4041,203,,,,,4040.0,0.0
1,69100,STRAWBERRIES,4040,90,4039.0,121.0,,,4041,211,,,,,4040.5,0.0
1,69200,STRAWBERRIES,4039,270,,,,,4041,270,,,,,4040.0,0.0
1,69300,STRAWBERRIES,4039,280,,,,,4041,280,,,,,4040.0,0.0
1,69400,STRAWBERRIES,4039,59,4038.0,160.0,,,4040,214,,,,,4039.5,0.0
1,69500,STRAWBERRIES,4038,243,,,,,4040,243,,,,,4039.0,0.0
1,69600,STRAWBERRIES,4039,89,4038.0,177.0,,,4040,266,,,,,4039.5,0.0
1,69700,STRAWBERRIES,4039,189,,,,,4040,189,,,,,4039.5,0.0
1,69800,STRAWBERRIES,4040,91,4039.0,104.0,,,4041,195,,,,,4040.5,0.0
1,69900,STRAWBERRIES,4040,98,4039.0,147.0,,,4041,245,,,,,4040.5,0.0
1,70000,STRAWBERRIES,4039,199,,,,,4041,199,,,,,4040.0,0.0
1,70100,STRAWBERRIES,4040,231,,,,,4041,235,,,,,4040.5,0.0
1,70200,STRAWBERRIES,4040,210,,,,,4041,62,4042.0,148.0,,,4040.5,0.0
1,70300,STRAWBERRIES,4039,218,,,,,4041,218,,,,,4040.0,0.0
1,70400,STRAWBERRIES,4039,214,,,,,4040,219,,,,,4039.5,0.0
1,70500,STRAWBERRIES,4039,233,,,,,4041,233,,,,,4040.0,0.0
1,70600,STRAWBERRIES,4039,239,,,,,4041,239,,,,,4040.0,0.0
1,70700,STRAWBERRIES,4039,250,,,,,4041,250,,,,,4040.0,0.0
1,70800,STRAWBERRIES,4040,69,4039.0,185.0,,,4041,254,,,,,4040.5,0.0
1,70900,STRAWBERRIES,4040,200,,,,,4041,68,4042.0,141.0,,,4040.5,0.0
1,71000,STRAWBERRIES,4039,212,,,,,4041,212,,,,,4040.0,0.0
1,71100,STRAWBERRIES,4039,226,,,,,4041,226,,,,,4040.0,0.0
1,71200,STRAWBERRIES,4040,230,,,,,4042,230,,,,,4041.0,0.0
1,71300,STRAWBERRIES,4040,169,,,,,4042,169,,,,,4041.0,0.0
1,71400,STRAWBERRIES,4040,263,,,,,4042,263,,,,,4041.0,0.0
1,71500,STRAWBERRIES,4040,179,,,,,4042,179,,,,,4041.0,0.0
1,71600,STRAWBERRIES,4041,275,,,,,4042,86,4043.0,189.0,,,4041.5,0.0
1,71700,STRAWBERRIES,4041,256,,,,,4042,94,4043.0,162.0,,,4041.5,0.0
1,71800,STRAWBERRIES,4041,247,,,,,4042,247,,,,,4041.5,0.0
1,71900,STRAWBERRIES,4040,231,,,,,4042,231,,,,,4041.0,0.0
1,72000,STRAWBERRIES,4041,87,4040.0,130.0,,,4042,217,,,,,4041.5,0.0
1,72100,STRAWBERRIES,4040,253,,,,,4042,253,,,,,4041.0,0.0
1,72200,STRAWBERRIES,4040,262,,,,,4041,100,4042.0,162.0,,,4040.5,0.0
1,72300,STRAWBERRIES,4040,246,,,,,4041,246,,,,,4040.5,0.0
1,72400,STRAWBERRIES,4040,163,,,,,4041,163,,,,,4040.5,0.0
1,72500,STRAWBERRIES,4040,232,,,,,4041,93,4042.0,139.0,,,4040.5,0.0
1,72600,STRAWBERRIES,4040,288,,,,,4042,288,,,,,4041.0,0.0
1,72700,STRAWBERRIES,4040,268,,,,,4042,268,,,,,4041.0,0.0
1,72800,STRAWBERRIES,4040,56,4039.0,152.0,,,4041,208,,,,,4040.5,0.0
1,72900,STRAWBERRIES,4040,87,4039.0,118.0,,,4041,205,,,,,4040.5,0.0
1,73000,STRAWBERRIES,4040,63,4039.0,194.0,,,4041,257,,,,,4040.5,0.0
1,73100,STRAWBERRIES,4040,225,,,,,4041,229,,,,,4040.5,0.0
1,73200,STRAWBERRIES,4039,218,,,,,4041,218,,,,,4040.0,0.0
1,73300,STRAWBERRIES,4040,193,,,,,4041,88,4042.0,105.0,,,4040.5,0.0
1,73400,STRAWBERRIES,4040,261,,,,,4042,261,,,,,4041.0,0.0
1,73500,STRAWBERRIES,4040,250,,,,,4041,72,4042.0,178.0,,,4040.5,0.0
1,73600,STRAWBERRIES,4040,264,,,,,4042,264,,,,,4041.0,0.0
1,73700,STRAWBERRIES,4040,75,4039.0,154.0,,,4041,237,,,,,4040.5,0.0
1,73800,STRAWBERRIES,4039,258,,,,,4041,258,,,,,4040.0,0.0
1,73900,STRAWBERRIES,4039,240,,,,,4040,98,4041.0,142.0,,,4039.5,0.0
1,74000,STRAWBERRIES,4039,198,,,,,4041,198,,,,,4040.0,0.0
1,74100,STRAWBERRIES,4039,225,,,,,4040,225,,,,,4039.5,0.0
1,74200,STRAWBERRIES,4039,221,,,,,4040,210,,,,,4039.5,0.0
1,74300,STRAWBERRIES,4039,214,,,,,4040,214,,,,,4039.5,0.0
1,74400,STRAWBERRIES,4039,50,4038.0,150.0,,,4040,200,,,,,4039.5,0.0
1,74500,STRAWBERRIES,4039,53,4038.0,181.0,,,4040,234,,,,,4039.5,0.0
1,74600,STRAWBERRIES,4039,170,,,,,4040,170,,,,,4039.5,0.0
1,74700,STRAWBERRIES,4039,267,,,,,4040,85,4041.0,182.0,,,4039.5,0.0
1,74800,STRAWBERRIES,4039,198,,,,,4041,210,,,,,4040.0,0.0
1,74900,STRAWBERRIES,4040,52,4039.0,159.0,,,4041,211,,,,,4040.5,0.0
1,75000,STRAWBERRIES,4039,249,,,,,4041,249,,,,,4040.0,0.0
1,75100,STRAWBERRIES,4039,298,,,,,4041,294,,,,,4040.0,0.0
1,75200,STRAWBERRIES,4039,220,,,,,4041,220,,,,,4040.0,0.0
1,75300,STRAWBERRIES,4039,215,,,,,4040,215,,,,,4039.5,0.0
1,75400,STRAWBERRIES,4039,86,4038.0,159.0,,,4040,245,,,,,4039.5,0.0
1,75500,STRAWBERRIES,4039,169,,,,,4040,55,4041.0,114.0,,,4039.5,0.0
1,75600,STRAWBERRIES,4039,234,,,,,4040,234,,,,,4039.5,0.0
1,75700,STRAWBERRIES,4039,56,4038.0,145.0,,,4040,201,,,,,4039.5,0.0
1,75800,STRAWBERRIES,4039,241,,,,,4040,241,,,,,4039.5,0.0
1,75900,STRAWBERRIES,4038,274,,,,,4040,274,,,,,4039.0,0.0
1,76000,STRAWBERRIES,4039,265,,,,,4040,265,,,,,4039.5,0.0
1,76100,STRAWBERRIES,4039,186,,,,,4041,186,,,,,4040.0,0.0
1,76200,STRAWBERRIES,4039,254,,,,,4040,91,4041.0,152.0,,,4039.5,0.0
1,76300,STRAWBERRIES,4038,174,,,,,4040,174,,,,,4039.0,0.0
1,76400,STRAWBERRIES,4038,206,,,,,4039,69,4040.0,137.0,,,4038.5,0.0
1,76500,STRAWBERRIES,4038,232,,,,,4039,97,4040.0,127.0,,,4038.5,0.0
1,76600,STRAWBERRIES,4038,185,,,,,4040,182,,,,,4039.0,0.0
1,76700,STRAWBERRIES,4039,62,4038.0,131.0,,,4040,193,,,,,4039.5,0.0
1,76800,STRAWBERRIES,4039,260,,,,,4040,82,4041.0,178.0,,,4039.5,0.0
1,76900,STRAWBERRIES,4038,258,,,,,4040,258,,,,,4039.0,0.0
1,77000,STRAWBERRIES,4038,272,,,,,4039,272,,,,,4038.5,0.0
1,77100,STRAWBERRIES,4038,263,,,,,4039,257,,,,,4038.5,0.0
1,77200,STRAWBERRIES,4038,219,,,,,4039,219,,,,,4038.5,0.0
1,77300,STRAWBERRIES,4037,267,,,,,4038,76,4039.0,191.0,,,4037.5,0.0
1,77400,STRAWBERRIES,4036,218,,,,,4038,218,,,,,4037.0,0.0
1,77500,STRAWBERRIES,4037,91,4036.0,103.0,,,4038,194,,,,,4037.5,0.0
1,77600,STRAWBERRIES,4036,208,,,,,4038,208,,,,,4037.0,0.0
1,77700,STRAWBERRIES,4037,271,,,,,4039,264,,,,,4038.0,0.0
1,77800,STRAWBERRIES,4037,183,,,,,4039,183,,,,,4038.0,0.0
1,77900,STRAWBERRIES,4038,64,4037.0,184.0,,,4039,248,,,,,4038.5,0.0
1,78000,STRAWBERRIES,4038,54,4037.0,137.0,,,4039,191,,,,,4038.5,0.0
1,78100,STRAWBERRIES,4038,64,4037.0,153.0,,,4039,217,,,,,4038.5,0.0
1,78200,STRAWBERRIES,4038,170,,,,,4040,170,,,,,4039.0,0.0
1,78300,STRAWBERRIES,4038,249,,,,,4039,249,,,,,4038.5,0.0
1,78400,STRAWBERRIES,4038,192,,,,,4039,192,,,,,4038.5,0.0
1,78500,STRAWBERRIES,4038,209,,,,,4040,209,,,,,4039.0,0.0
1,78600,STRAWBERRIES,4038,212,,,,,4039,212,,,,,4038.5,0.0
1,78700,STRAWBERRIES,4038,203,,,,,4039,206,,,,,4038.5,0.0
1,78800,STRAWBERRIES,4038,248,,,,,4040,248,,,,,4039.0,0.0
1,78900,STRAWBERRIES,4038,242,,,,,4040,242,,,,,4039.0,0.0
1,79000,STRAWBERRIES,4038,179,,,,,4040,179,,,,,4039.0,0.0
1,79100,STRAWBERRIES,4038,192,,,,,4039,192,,,,,4038.5,0.0
1,79200,STRAWBERRIES,4037,260,,,,,4039,260,,,,,4038.0,0.0
1,79300,STRAWBERRIES,4037,273,,,,,4039,273,,,,,4038.0,0.0
1,79400,STRAWBERRIES,4037,233,,,,,4039,233,,,,,4038.0,0.0
1,79500,STRAWBERRIES,4037,264,,,,,4038,97,4039.0,167.0,,,4037.5,0.0
1,79600,STRAWBERRIES,4037,265,,,,,4038,87,4039.0,178.0,,,4037.5,0.0
1,79700,STRAWBERRIES,4036,250,,,,,4038,250,,,,,4037.0,0.0
1,79800,STRAWBERRIES,4037,96,4036.0,183.0,,,4038,279,,,,,4037.5,0.0
1,79900,STRAWBERRIES,4036,206,,,,,4038,206,,,,,4037.0,0.0
1,80000,STRAWBERRIES,4036,65,4035.0,116.0,,,4037,181,,,,,4036.5,0.0
1,80100,STRAWBERRIES,4036,246,,,,,4037,246,,,,,4036.5,0.0
1,80200,STRAWBERRIES,4036,229,,,,,4037,67,4038.0,162.0,,,4036.5,0.0
1,80300,STRAWBERRIES,4036,206,,,,,4038,206,,,,,4037.0,0.0
1,80400,STRAWBERRIES,4037,100,4036.0,176.0,,,4038,276,,,,,4037.5,0.0
1,80500,STRAWBERRIES,4036,197,,,,,4037,68,4038.0,129.0,,,4036.5,0.0
1,80600,STRAWBERRIES,4036,206,,,,,4037,61,4038.0,145.0,,,4036.5,0.0
1,80700,STRAWBERRIES,4035,215,,,,,4037,215,,,,,4036.0,0.0
1,80800,STRAWBERRIES,4035,274,,,,,4037,274,,,,,4036.0,0.0
1,80900,STRAWBERRIES,4035,221,,,,,4037,221,,,,,4036.0,0.0
1,81000,STRAWBERRIES,4036,196,,,,,4037,196,,,,,4036.5,0.0
1,81100,STRAWBERRIES,4036,255,,,,,4037,255,,,,,4036.5,0.0
1,81200,STRAWBERRIES,4036,202,,,,,4038,202,,,,,4037.0,0.0
1,81300,STRAWBERRIES,4036,258,,,,,4037,258,,,,,4036.5,0.0
1,81400,STRAWBERRIES,4035,176,,,,,4037,176,,,,,4036.0,0.0
1,81500,STRAWBERRIES,4035,179,,,,,4037,179,,,,,4036.0,0.0
1,81600,STRAWBERRIES,4036,252,,,,,4037,96,4038.0,156.0,,,4036.5,0.0
1,81700,STRAWBERRIES,4036,85,4035.0,148.0,,,4037,221,,,,,4036.5,0.0
1,81800,STRAWBERRIES,4036,214,,,,,4037,214,,,,,4036.5,0.0
1,81900,STRAWBERRIES,4035,283,,,,,4037,283,,,,,4036.0,0.0
1,82000,STRAWBERRIES,4035,232,,,,,4037,232,,,,,4036.0,0.0
1,82100,STRAWBERRIES,4035,255,,,,,4037,255,,,,,4036.0,0.0
1,82200,STRAWBERRIES,4035,212,,,,,4037,212,,,,,4036.0,0.0
1,82300,STRAWBERRIES,4036,207,,,,,4037,207,,,,,4036.5,0.0
1,82400,STRAWBERRIES,4035,208,,,,,4037,208,,,,,4036.0,0.0
1,82500,STRAWBERRIES,4036,169,,,,,4037,169,,,,,4036.5,0.0
1,82600,STRAWBERRIES,4036,213,,,,,4037,83,4038.0,130.0,,,4036.5,0.0
1,82700,STRAWBERRIES,4036,186,,,,,4038,186,,,,,4037.0,0.0
1,82800,STRAWBERRIES,4036,206,,,,,4037,56,4038.0,150.0,,,4036.5,0.0
1,82900,STRAWBERRIES,4036,194,,,,,4038,191,,,,,4037.0,0.0
1,83000,STRAWBERRIES,4036,189,,,,,4037,87,4038.0,102.0,,,4036.5,0.0
1,83100,STRAWBERRIES,4036,63,4035.0,167.0,,,4037,230,,,,,4036.5,0.0
1,83200,STRAWBERRIES,4036,247,,,,,4038,247,,,,,4037.0,0.0
1,83300,STRAWBERRIES,4036,183,,,,,4038,183,,,,,4037.0,0.0
1,83400,STRAWBERRIES,4036,207,,,,,4037,55,4038.0,152.0,,,4036.5,0.0
1,83500,STRAWBERRIES,4036,187,,,,,4037,187,,,,,4036.5,0.0
1,83600,STRAWBERRIES,4035,257,,,,,4037,257,,,,,4036.0,0.0
1,83700,STRAWBERRIES,4035,206,,,,,4037,206,,,,,4036.0,0.0
1,83800,STRAWBERRIES,4036,84,4035.0,197.0,,,4037,281,,,,,4036.5,0.0
1,83900,STRAWBERRIES,4036,220,,,,,4038,220,,,,,4037.0,0.0
1,84000,STRAWBERRIES,4036,151,,,,,4038,151,,,,,4037.0,0.0
1,84100,STRAWBERRIES,4036,201,,,,,4038,201,,,,,4037.0,0.0
1,84200,STRAWBERRIES,4037,70,4036.0,170.0,,,4038,240,,,,,4037.5,0.0
1,84300,STRAWBERRIES,4037,283,,,,,4038,97,4039.0,186.0,,,4037.5,0.0
1,84400,STRAWBERRIES,4037,245,,,,,4039,245,,,,,4038.0,0.0
1,84500,STRAWBERRIES,4038,88,4037.0,172.0,,,4039,260,,,,,4038.5,0.0
1,84600,STRAWBERRIES,4037,155,,,,,4039,155,,,,,4038.0,0.0
1,84700,STRAWBERRIES,4037,251,,,,,4039,251,,,,,4038.0,0.0
1,84800,STRAWBERRIES,4037,197,,,,,4038,57,4039.0,140.0,,,4037.5,0.0
1,84900,STRAWBERRIES,4037,209,,,,,4039,209,,,,,4038.0,0.0
1,85000,STRAWBERRIES,4038,177,,,,,4039,177,,,,,4038.5,0.0
1,85100,STRAWBERRIES,4037,210,,,,,4039,210,,,,,4038.0,0.0
1,85200,STRAWBERRIES,4038,203,,,,,4039,203,,,,,4038.5,0.0
1,85300,STRAWBERRIES,4037,226,,,,,4039,226,,,,,4038.0,0.0
1,85400,STRAWBERRIES,4037,73,4036.0,185.0,,,4038,258,,,,,4037.5,0.0
1,85500,STRAWBERRIES,4037,202,,,,,4038,51,4039.0,151.0,,,4037.5,0.0
1,85600,STRAWBERRIES,4037,69,4036.0,129.0,,,4038,198,,,,,4037.5,0.0
1,85700,STRAWBERRIES,4036,181,,,,,4037,71,4038.0,110.0,,,4036.5,0.0
1,85800,STRAWBERRIES,4036,207,,,,,4037,100,4038.0,107.0,,,4036.5,0.0
1,85900,STRAWBERRIES,4036,186,,,,,4037,60,4038.0,126.0,,,4036.5,0.0
1,86000,STRAWBERRIES,4036,219,,,,,4038,209,,,,,4037.0,0.0
1,86100,STRAWBERRIES,4037,155,,,,,4038,155,,,,,4037.5,0.0
1,86200,STRAWBERRIES,4037,177,,,,,4039,177,,,,,4038.0,0.0
1,86300,STRAWBERRIES,4037,243,,,,,4039,243,,,,,4038.0,0.0
1,86400,STRAWBERRIES,4037,205,,,,,4039,205,,,,,4038.0,0.0
1,86500,STRAWBERRIES,4037,273,,,,,4039,269,,,,,4038.0,0.0
1,86600,STRAWBERRIES,4037,63,4036.0,192.0,,,4038,255,,,,,4037.5,0.0
1,86700,STRAWBERRIES,4036,169,,,,,4038,169,,,,,4037.0,0.0
1,86800,STRAWBERRIES,4037,175,,,,,4038,50,4039.0,125.0,,,4037.5,0.0
1,86900,STRAWBERRIES,4038,240,,,,,4039,240,,,,,4038.5,0.0
1,87000,STRAWBERRIES,4037,216,,,,,4039,216,,,,,4038.0,0.0
1,87100,STRAWBERRIES,4037,232,,,,,4039,232,,,,,4038.0,0.0
1,87200,STRAWBERRIES,4037,285,,,,,4039,285,,,,,4038.0,0.0
1,87300,STRAWBERRIES,4037,78,4036.0,141.0,,,4038,229,,,,,4037.5,0.0
1,87400,STRAWBERRIES,4036,212,,,,,4038,212,,,,,4037.0,0.0
1,87500,STRAWBERRIES,4036,255,,,,,4038,250,,,,,4037.0,0.0
1,87600,STRAWBERRIES,4036,246,,,,,4038,246,,,,,4037.0,0.0
1,87700,STRAWBERRIES,4036,222,,,,,4038,222,,,,,4037.0,0.0
1,87800,STRAWBERRIES,4036,263,,,,,4037,64,4038.0,199.0,,,4036.5,0.0
1,87900,STRAWBERRIES,4037,233,,,,,4039,233,,,,,4038.0,0.0
1,88000,STRAWBERRIES,4038,67,4037.0,165.0,,,4039,229,,,,,4038.5,0.0
1,88100,STRAWBERRIES,4037,172,,,,,4039,172,,,,,4038.0,0.0
1,88200,STRAWBERRIES,4037,262,,,,,4039,262,,,,,4038.0,0.0
1,88300,STRAWBERRIES,4037,242,,,,,4039,242,,,,,4038.0,0.0
1,88400,STRAWBERRIES,4037,218,,,,,4038,59,4039.0,159.0,,,4037.5,0.0
1,88500,STRAWBERRIES,4037,236,,,,,4038,71,4039.0,165.0,,,4037.5,0.0
1,88600,STRAWBERRIES,4037,276,,,,,4039,276,,,,,4038.0,0.0
1,88700,STRAWBERRIES,4037,61,4036.0,166.0,,,4038,227,,,,,4037.5,0.0
1,88800,STRAWBERRIES,4036,195,,,,,4037,57,4038.0,138.0,,,4036.5,0.0
1,88900,STRAWBERRIES,4036,181,,,,,4037,80,4038.0,110.0,,,4036.5,0.0
1,89000,STRAWBERRIES,4036,265,,,,,4037,82,4038.0,183.0,,,4036.5,0.0
1,89100,STRAWBERRIES,4036,277,,,,,4037,100,4038.0,177.0,,,4036.5,0.0
1,89200,STRAWBERRIES,4036,179,,,,,4038,179,,,,,4037.0,0.0
1,89300,STRAWBERRIES,4036,158,,,,,4038,158,,,,,4037.0,0.0
1,89400,STRAWBERRIES,4036,240,,,,,4037,78,4038.0,162.0,,,4036.5,0.0
1,89500,STRAWBERRIES,4036,199,,,,,4037,77,4038.0,122.0,,,4036.5,0.0
1,89600,STRAWBERRIES,4036,209,,,,,4038,209,,,,,4037.0,0.0
1,89700,STRAWBERRIES,4036,225,,,,,4038,225,,,,,4037.0,0.0
1,89800,STRAWBERRIES,4036,242,,,,,4038,242,,,,,4037.0,0.0
1,89900,STRAWBERRIES,4036,206,,,,,4037,57,4038.0,149.0,,,4036.5,0.0
1,90000,STRAWBERRIES,4035,201,,,,,4037,201,,,,,4036.0,0.0
1,90100,STRAWBERRIES,4035,223,,,,,4036,223,,,,,4035.5,0.0
1,90200,STRAWBERRIES,4035,67,4034.0,191.0,,,4036,258,,,,,4035.5,0.0
1,90300,STRAWBERRIES,4034,189,,,,,4036,189,,,,,4035.0,0.0
1,90400,STRAWBERRIES,4034,200,,,,,4035,76,4036.0,124.0,,,4034.5,0.0
1,90500,STRAWBERRIES,4034,225,,,,,4035,65,4036.0,160.0,,,4034.5,0.0
1,90600,STRAWBERRIES,4034,73,4033.0,138.0,,,4035,211,,,,,4034.5,0.0
1,90700,STRAWBERRIES,4034,67,4033.0,161.0,,,4035,228,,,,,4034.5,0.0
1,90800,STRAWBERRIES,4034,67,4033.0,157.0,,,4035,224,,,,,4034.5,0.0
1,90900,STRAWBERRIES,4034,215,,,,,4035,215,,,,,4034.5,0.0
1,91000,STRAWBERRIES,4034,106,4033.0,106.0,,,4035,203,,,,,4034.5,0.0
1,91100,STRAWBERRIES,4034,210,,,,,4035,89,4036.0,121.0,,,4034.5,0.0
1,91200,STRAWBERRIES,4034,267,,,,,4036,267,,,,,4035.0,0.0
1,91300,STRAWBERRIES,4034,269,,,,,4036,269,,,,,4035.0,0.0
1,91400,STRAWBERRIES,4034,56,4033.0,191.0,,,4035,247,,,,,4034.5,0.0
1,91500,STRAWBERRIES,4034,263,,,,,4035,263,,,,,4034.5,0.0
1,91600,STRAWBERRIES,4034,228,,,,,4035,228,,,,,4034.5,0.0
1,91700,STRAWBERRIES,4034,261,,,,,4035,82,4036.0,179.0,,,4034.5,0.0
1,91800,STRAWBERRIES,4034,190,,,,,4036,190,,,,,4035.0,0.0
1,91900,STRAWBERRIES,4034,174,,,,,4036,174,,,,,4035.0,0.0
1,92000,STRAWBERRIES,4033,153,,,,,4035,163,,,,,4034.0,0.0
1,92100,STRAWBERRIES,4033,256,,,,,4035,256,,,,,4034.0,0.0
1,92200,STRAWBERRIES,4033,246,,,,,4034,54,4035.0,192.0,,,4033.5,0.0
1,92300,STRAWBERRIES,4033,254,,,,,4034,254,,,,,4033.5,0.0
1,92400,STRAWBERRIES,4033,214,,,,,4035,214,,,,,4034.0,0.0
1,92500,STRAWBERRIES,4033,189,,,,,4034,189,,,,,4033.5,0.0
1,92600,STRAWBERRIES,4033,240,,,,,4034,51,4035.0,189.0,,,4033.5,0.0
1,92700,STRAWBERRIES,4033,248,,,,,4035,248,,,,,4034.0,0.0
1,92800,STRAWBERRIES,4033,218,,,,,4034,218,,,,,4033.5,0.0
1,92900,STRAWBERRIES,4033,166,,,,,4034,166,,,,,4033.5,0.0
1,93000,STRAWBERRIES,4033,171,,,,,4035,171,,,,,4034.0,0.0
1,93100,STRAWBERRIES,4032,236,,,,,4034,236,,,,,4033.0,0.0
1,93200,STRAWBERRIES,4032,277,,,,,4034,277,,,,,4033.0,0.0
1,93300,STRAWBERRIES,4032,182,,,,,4033,182,,,,,4032.5,0.0
1,93400,STRAWBERRIES,4032,239,,,,,4033,74,4034.0,165.0,,,4032.5,0.0
1,93500,STRAWBERRIES,4032,230,,,,,4033,230,,,,,4032.5,0.0
1,93600,STRAWBERRIES,4032,78,4031.0,180.0,,,4033,265,,,,,4032.5,0.0
1,93700,STRAWBERRIES,4032,226,,,,,4033,85,4034.0,141.0,,,4032.5,0.0
1,93800,STRAWBERRIES,4032,247,,,,,4034,247,,,,,4033.0,0.0
1,93900,STRAWBERRIES,4032,201,,,,,4034,201,,,,,4033.0,0.0
1,94000,STRAWBERRIES,4033,199,,,,,4034,199,,,,,4033.5,0.0
1,94100,STRAWBERRIES,4033,191,,,,,4034,191,,,,,4033.5,0.0
1,94200,STRAWBERRIES,4032,260,,,,,4034,260,,,,,4033.0,0.0
1,94300,STRAWBERRIES,4032,178,,,,,4033,70,4034.0,108.0,,,4032.5,0.0
1,94400,STRAWBERRIES,4032,251,,,,,4033,251,,,,,4032.5,0.0
1,94500,STRAWBERRIES,4033,91,4032.0,151.0,,,4034,242,,,,,4033.5,0.0
1,94600,STRAWBERRIES,4033,259,,,,,4034,259,,,,,4033.5,0.0
1,94700,STRAWBERRIES,4032,254,,,,,4034,254,,,,,4033.0,0.0
1,94800,STRAWBERRIES,4032,224,,,,,4033,76,4034.0,148.0,,,4032.5,0.0
1,94900,STRAWBERRIES,4032,259,,,,,4033,72,4034.0,199.0,,,4032.5,0.0
1,95000,STRAWBERRIES,4032,212,,,,,4034,212,,,,,4033.0,0.0
1,95100,STRAWBERRIES,4032,270,,,,,4033,277,,,,,4032.5,0.0
1,95200,STRAWBERRIES,4032,244,,,,,4033,244,,,,,4032.5,0.0
1,95300,STRAWBERRIES,4032,220,,,,,4034,220,,,,,4033.0,0.0
1,95400,STRAWBERRIES,4033,265,,,,,4034,94,4035.0,171.0,,,4033.5,0.0
1,95500,STRAWBERRIES,4033,217,,,,,4034,217,,,,,4033.5,0.0
1,95600,STRAWBERRIES,4032,190,,,,,4034,190,,,,,4033.0,0.0
1,95700,STRAWBERRIES,4032,154,,,,,4033,154,,,,,4032.5,0.0
1,95800,STRAWBERRIES,4032,238,,,,,4033,238,,,,,4032.5,0.0
1,95900,STRAWBERRIES,4031,215,,,,,4033,215,,,,,4032.0,0.0
1,96000,STRAWBERRIES,4031,207,,,,,4032,67,4033.0,145.0,,,4031.5,0.0
1,96100,STRAWBERRIES,4030,220,,,,,4031,59,4032.0,161.0,,,4030.5,0.0
1,96200,STRAWBERRIES,4030,88,4029.0,191.0,,,4031,279,,,,,4030.5,0.0
1,96300,STRAWBERRIES,4030,218,,,,,4031,218,,,,,4030.5,0.0
1,96400,STRAWBERRIES,4031,69,4030.0,136.0,,,4032,205,,,,,4031.5,0.0
1,96500,STRAWBERRIES,4031,263,,,,,4032,263,,,,,4031.5,0.0
1,96600,STRAWBERRIES,4031,250,,,,,4032,250,,,,,4031.5,0.0
1,96700,STRAWBERRIES,4030,240,,,,,4031,72,4032.0,168.0,,,4030.5,0.0
1,96800,STRAWBERRIES,4030,243,,,,,4031,55,4032.0,188.0,,,4030.5,0.0
1,96900,STRAWBERRIES,4030,211,,,,,4031,211,,,,,4030.5,0.0
1,97000,STRAWBERRIES,4030,54,4029.0,100.0,,,4031,154,,,,,4030.5,0.0
1,97100,STRAWBERRIES,4029,180,,,,,4031,187,,,,,4030.0,0.0
1,97200,STRAWBERRIES,4029,249,,,,,4031,249,,,,,4030.0,0.0
1,97300,STRAWBERRIES,4029,202,,,,,4030,202,,,,,4029.5,0.0
1,97400,STRAWBERRIES,4029,96,4028.0,153.0,,,4030,249,,,,,4029.5,0.0
1,97500,STRAWBERRIES,4028,214,,,,,4030,205,,,,,4029.0,0.0
1,97600,STRAWBERRIES,4028,257,,,,,4029,6,4030.0,257.0,,,4028.5,0.0
1,97700,STRAWBERRIES,4028,246,,,,,4030,246,,,,,4029.0,0.0
1,97800,STRAWBERRIES,4028,191,,,,,4030,191,,,,,4029.0,0.0
1,97900,STRAWBERRIES,4028,211,,,,,4030,211,,,,,4029.0,0.0
1,98000,STRAWBERRIES,4028,232,,,,,4029,232,,,,,4028.5,0.0
1,98100,STRAWBERRIES,4027,203,,,,,4029,203,,,,,4028.0,0.0
1,98200,STRAWBERRIES,4028,162,,,,,4030,162,,,,,4029.0,0.0
1,98300,STRAWBERRIES,4028,72,4027.0,176.0,,,4029,248,,,,,4028.5,0.0
1,98400,STRAWBERRIES,4028,234,,,,,4029,234,,,,,4028.5,0.0
1,98500,STRAWBERRIES,4028,283,,,,,4030,283,,,,,4029.0,0.0
1,98600,STRAWBERRIES,4029,94,4028.0,199.0,,,4030,293,,,,,4029.5,0.0
1,98700,STRAWBERRIES,4029,235,,,,,4030,78,4031.0,157.0,,,4029.5,0.0
1,98800,STRAWBERRIES,4029,244,,,,,4030,90,4031.0,154.0,,,4029.5,0.0
1,98900,STRAWBERRIES,4029,205,,,,,4030,75,4031.0,130.0,,,4029.5,0.0
1,99000,STRAWBERRIES,4029,213,,,,,4030,68,4031.0,145.0,,,4029.5,0.0
1,99100,STRAWBERRIES,4029,181,,,,,4030,181,,,,,4029.5,0.0
1,99200,STRAWBERRIES,4028,202,,,,,4030,202,,,,,4029.0,0.0
1,99300,STRAWBERRIES,4028,240,,,,,4029,57,4030.0,183.0,,,4028.5,0.0
1,99400,STRAWBERRIES,4028,194,,,,,4030,203,,,,,4029.0,0.0
1,99500,STRAWBERRIES,4028,215,,,,,4030,215,,,,,4029.0,0.0
1,99600,STRAWBERRIES,4028,80,4027.0,135.0,,,4029,215,,,,,4028.5,0.0
1,99700,STRAWBERRIES,4027,171,,,,,4028,67,4029.0,104.0,,,4027.5,0.0
1,99800,STRAWBERRIES,4027,215,,,,,4028,69,4029.0,137.0,,,4027.5,0.0
1,99900,STRAWBERRIES,4027,228,,,,,4028,221,,,,,4027.5,0.0
1,100000,STRAWBERRIES,4026,205,,,,,4028,205,,,,,4027.0,0.0
1,100100,STRAWBERRIES,4027,87,4026.0,176.0,,,4028,263,,,,,4027.5,0.0
1,100200,STRAWBERRIES,4027,211,,,,,4028,92,4029.0,119.0,,,4027.5,0.0
1,100300,STRAWBERRIES,4027,206,,,,,4028,206,,,,,4027.5,0.0
1,100400,STRAWBERRIES,4027,234,,,,,4028,51,4029.0,183.0,,,4027.5,0.0
1,100500,STRAWBERRIES,4027,274,,,,,4029,274,,,,,4028.0,0.0
1,100600,STRAWBERRIES,4027,223,,,,,4028,58,4029.0,165.0,,,4027.5,0.0
1,100700,STRAWBERRIES,4027,247,,,,,4028,66,4029.0,181.0,,,4027.5,0.0
1,100800,STRAWBERRIES,4027,278,,,,,4029,278,,,,,4028.0,0.0
1,100900,STRAWBERRIES,4028,53,4027.0,144.0,,,4029,197,,,,,4028.5,0.0
1,101000,STRAWBERRIES,4028,213,,,,,4030,213,,,,,4029.0,0.0
1,101100,STRAWBERRIES,4029,78,4028.0,111.0,,,4030,189,,,,,4029.5,0.0
1,101200,STRAWBERRIES,4028,171,,,,,4030,171,,,,,4029.0,0.0
1,101300,STRAWBERRIES,4028,232,,,,,4029,5,4030.0,232.0,,,4028.5,0.0
1,101400,STRAWBERRIES,4028,258,,,,,4029,84,4030.0,174.0,,,4028.5,0.0
1,101500,STRAWBERRIES,4028,238,,,,,4029,64,4030.0,174.0,,,4028.5,0.0
1,101600,STRAWBERRIES,4028,212,,,,,4030,212,,,,,4029.0,0.0
1,101700,STRAWBERRIES,4028,293,,,,,4029,94,4030.0,199.0,,,4028.5,0.0
1,101800,STRAWBERRIES,4028,199,,,,,4030,199,,,,,4029.0,0.0
1,101900,STRAWBERRIES,4028,160,,,,,4029,58,4030.0,102.0,,,4028.5,0.0
1,102000,STRAWBERRIES,4028,215,,,,,4030,215,,,,,4029.0,0.0
1,102100,STRAWBERRIES,4028,281,,,,,4029,82,4030.0,199.0,,,4028.5,0.0
1,102200,STRAWBERRIES,4028,183,,,,,4029,183,,,,,4028.5,0.0
1,102300,STRAWBERRIES,4028,80,4027.0,154.0,,,4029,234,,,,,4028.5,0.0
1,102400,STRAWBERRIES,4027,252,,,,,4029,252,,,,,4028.0,0.0
1,102500,STRAWBERRIES,4027,191,,,,,4029,191,,,,,4028.0,0.0
1,102600,STRAWBERRIES,4027,168,,,,,4028,53,4029.0,115.0,,,4027.5,0.0
1,102700,STRAWBERRIES,4027,230,,,,,4028,230,,,,,4027.5,0.0
1,102800,STRAWBERRIES,4027,77,4026.0,111.0,,,4028,188,,,,,4027.5,0.0
1,102900,STRAWBERRIES,4026,255,,,,,4028,255,,,,,4027.0,0.0
1,103000,STRAWBERRIES,4026,195,,,,,4028,195,,,,,4027.0,0.0
1,103100,STRAWBERRIES,4027,68,4026.0,112.0,,,4028,180,,,,,4027.5,0.0
1,103200,STRAWBERRIES,4026,219,,,,,4028,219,,,,,4027.0,0.0
1,103300,STRAWBERRIES,4026,291,,,,,4028,291,,,,,4027.0,0.0
1,103400,STRAWBERRIES,4026,244,,,,,4028,244,,,,,4027.0,0.0
1,103500,STRAWBERRIES,4027,191,,,,,4029,191,,,,,4028.0,0.0
1,103600,STRAWBERRIES,4027,189,,,,,4029,189,,,,,4028.0,0.0
1,103700,STRAWBERRIES,4027,191,,,,,4029,191,,,,,4028.0,0.0
1,103800,STRAWBERRIES,4028,220,,,,,4029,220,,,,,4028.5,0.0
1,103900,STRAWBERRIES,4027,251,,,,,4029,251,,,,,4028.0,0.0
1,104000,STRAWBERRIES,4028,249,,,,,4029,249,,,,,4028.5,0.0
1,104100,STRAWBERRIES,4028,241,,,,,4029,57,4030.0,179.0,,,4028.5,0.0
1,104200,STRAWBERRIES,4027,225,,,,,4029,225,,,,,4028.0,0.0
1,104300,STRAWBERRIES,4027,222,,,,,4028,71,4029.0,151.0,,,4027.5,0.0
1,104400,STRAWBERRIES,4027,201,,,,,4028,78,4029.0,123.0,,,4027.5,0.0
1,104500,STRAWBERRIES,4027,215,,,,,4028,215,,,,,4027.5,0.0
1,104600,STRAWBERRIES,4027,198,,,,,4028,50,4029.0,148.0,,,4027.5,0.0
1,104700,STRAWBERRIES,4028,56,4027.0,180.0,,,4029,247,,,,,4028.5,0.0
1,104800,STRAWBERRIES,4028,197,,,,,4029,197,,,,,4028.5,0.0
1,104900,STRAWBERRIES,4028,206,,,,,4029,206,,,,,4028.5,0.0
1,105000,STRAWBERRIES,4028,219,,,,,4030,219,,,,,4029.0,0.0
1,105100,STRAWBERRIES,4028,183,,,,,4030,183,,,,,4029.0,0.0
1,105200,STRAWBERRIES,4028,211,,,,,4030,211,,,,,4029.0,0.0
1,105300,STRAWBERRIES,4029,226,,,,,4030,226,,,,,4029.5,0.0
1,105400,STRAWBERRIES,4028,283,,,,,4030,283,,,,,4029.0,0.0
1,105500,STRAWBERRIES,4029,64,4028.0,141.0,,,4030,205,,,,,4029.5,0.0
1,105600,STRAWBERRIES,4028,281,,,,,4029,8,4030.0,281.0,,,4028.5,0.0
1,105700,STRAWBERRIES,4029,193,,,,,4031,193,,,,,4030.0,0.0
1,105800,STRAWBERRIES,4029,209,,,,,4031,209,,,,,4030.0,0.0
1,105900,STRAWBERRIES,4029,172,,,,,4031,165,,,,,4030.0,0.0
1,106000,STRAWBERRIES,4029,76,4028.0,168.0,,,4030,237,,,,,4029.5,0.0
1,106100,STRAWBERRIES,4029,77,4028.0,155.0,,,4030,232,,,,,4029.5,0.0
1,106200,STRAWBERRIES,4029,212,,,,,4030,100,4031.0,112.0,,,4029.5,0.0
1,106300,STRAWBERRIES,4029,58,4028.0,169.0,,,4030,227,,,,,4029.5,0.0
1,106400,STRAWBERRIES,4028,215,,,,,4029,215,,,,,4028.5,0.0
1,106500,STRAWBERRIES,4028,223,,,,,4029,94,4030.0,129.0,,,4028.5,0.0
1,106600,STRAWBERRIES,4029,94,4028.0,118.0,,,4030,212,,,,,4029.5,0.0
1,106700,STRAWBERRIES,4028,253,,,,,4030,253,,,,,4029.0,0.0
1,106800,STRAWBERRIES,4028,46,4027.0,145.0,,,4029,197,,,,,4028.5,0.0
1,106900,STRAWBERRIES,4028,165,,,,,4029,165,,,,,4028.5,0.0
1,107000,STRAWBERRIES,4028,54,4027.0,129.0,,,4029,183,,,,,4028.5,0.0
1,107100,STRAWBERRIES,4028,208,,,,,4030,208,,,,,4029.0,0.0
1,107200,STRAWBERRIES,4028,213,,,,,4029,220,,,,,4028.5,0.0
1,107300,STRAWBERRIES,4028,256,,,,,4029,256,,,,,4028.5,0.0
1,107400,STRAWBERRIES,4027,160,,,,,4029,160,,,,,4028.0,0.0
1,107500,STRAWBERRIES,4027,170,,,,,4029,170,,,,,4028.0,0.0
1,107600,STRAWBERRIES,4027,191,,,,,4029,191,,,,,4028.0,0.0
1,107700,STRAWBERRIES,4028,86,4027.0,200.0,,,4029,286,,,,,4028.5,0.0
1,107800,STRAWBERRIES,4027,278,,,,,4029,278,,,,,4028.0,0.0
1,107900,STRAWBERRIES,4027,204,,,,,4029,204,,,,,4028.0,0.0
1,108000,STRAWBERRIES,4027,170,,,,,4028,61,4029.0,119.0,,,4027.5,0.0
1,108100,STRAWBERRIES,4027,176,,,,,4028,71,4029.0,105.0,,,4027.5,0.0
1,108200,STRAWBERRIES,4027,190,,,,,4028,60,4029.0,130.0,,,4027.5,0.0
1,108300,STRAWBERRIES,4027,96,4026.0,181.0,,,4028,274,,,,,4027.5,0.0
1,108400,STRAWBERRIES,4027,76,4026.0,179.0,,,4028,255,,,,,4027.5,0.0
1,108500,STRAWBERRIES,4027,267,,,,,4029,267,,,,,4028.0,0.0
1,108600,STRAWBERRIES,4027,198,,,,,4029,201,,,,,4028.0,0.0
1,108700,STRAWBERRIES,4027,248,,,,,4029,248,,,,,4028.0,0.0
1,108800,STRAWBERRIES,4027,228,,,,,4029,228,,,,,4028.0,0.0
1,108900,STRAWBERRIES,4028,238,,,,,4029,238,,,,,4028.5,0.0
1,109000,STRAWBERRIES,4028,258,,,,,4029,85,4030.0,173.0,,,4028.5,0.0
1,109100,STRAWBERRIES,4027,199,,,,,4029,199,,,,,4028.0,0.0
1,109200,STRAWBERRIES,4028,181,,,,,4029,181,,,,,4028.5,0.0
1,109300,STRAWBERRIES,4029,181,,,,,4030,59,4031.0,133.0,,,4029.5,0.0
1,109400,STRAWBERRIES,4029,87,4028.0,102.0,,,4030,189,,,,,4029.5,0.0
1,109500,STRAWBERRIES,4028,205,,,,,4030,205,,,,,4029.0,0.0
1,109600,STRAWBERRIES,4029,63,4028.0,182.0,,,4030,245,,,,,4029.5,0.0
1,109700,STRAWBERRIES,4028,246,,,,,4029,83,4030.0,167.0,,,4028.5,0.0
1,109800,STRAWBERRIES,4028,179,,,,,4030,179,,,,,4029.0,0.0
1,109900,STRAWBERRIES,4028,253,,,,,4029,78,4030.0,175.0,,,4028.5,0.0
1,110000,STRAWBERRIES,4029,82,4028.0,109.0,,,4030,191,,,,,4029.5,0.0
1,110100,STRAWBERRIES,4028,295,,,,,4030,295,,,,,4029.0,0.0
1,110200,STRAWBERRIES,4028,196,,,,,4030,196,,,,,4029.0,0.0
1,110300,STRAWBERRIES,4029,187,,,,,4030,187,,,,,4029.5,0.0
1,110400,STRAWBERRIES,4029,50,4028.0,118.0,,,4030,168,,,,,4029.5,0.0
1,110500,STRAWBERRIES,4029,215,,,,,4030,215,,,,,4029.5,0.0
1,110600,STRAWBERRIES,4029,94,4028.0,136.0,,,4030,230,,,,,4029.5,0.0
1,110700,STRAWBERRIES,4028,201,,,,,4029,92,4030.0,109.0,,,4028.5,0.0
1,110800,STRAWBERRIES,4028,262,,,,,4030,262,,,,,4029.0,0.0
1,110900,STRAWBERRIES,4028,260,,,,,4030,260,,,,,4029.0,0.0
1,111000,STRAWBERRIES,4028,242,,,,,4030,242,,,,,4029.0,0.0
1,111100,STRAWBERRIES,4028,207,,,,,4030,207,,,,,4029.0,0.0
1,111200,STRAWBERRIES,4028,175,,,,,4030,175,,,,,4029.0,0.0
1,111300,STRAWBERRIES,4028,233,,,,,4029,84,4030.0,149.0,,,4028.5,0.0
1,111400,STRAWBERRIES,4027,189,,,,,4029,189,,,,,4028.0,0.0
1,111500,STRAWBERRIES,4028,211,,,,,4029,211,,,,,4028.5,0.0
1,111600,STRAWBERRIES,4028,211,,,,,4029,211,,,,,4028.5,0.0
1,111700,STRAWBERRIES,4027,214,,,,,4029,214,,,,,4028.0,0.0
1,111800,STRAWBERRIES,4028,155,,,,,4029,155,,,,,4028.5,0.0
1,111900,STRAWBERRIES,4028,205,,,,,4029,205,,,,,4028.5,0.0
1,112000,STRAWBERRIES,4028,200,,,,,4030,191,,,,,4029.0,0.0
1,112100,STRAWBERRIES,4028,178,,,,,4030,178,,,,,4029.0,0.0
1,112200,STRAWBERRIES,4028,262,,,,,4029,75,4030.0,183.0,,,4028.5,0.0
1,112300,STRAWBERRIES,4028,243,,,,,4029,83,4030.0,160.0,,,4028.5,0.0
1,112400,STRAWBERRIES,4028,180,,,,,4029,54,4030.0,126.0,,,4028.5,0.0
1,112500,STRAWBERRIES,4029,52,4028.0,195.0,,,4030,247,,,,,4029.5,0.0
1,112600,STRAWBERRIES,4029,250,,,,,4030,250,,,,,4029.5,0.0
1,112700,STRAWBERRIES,4029,200,,,,,4031,200,,,,,4030.0,0.0
1,112800,STRAWBERRIES,4030,66,4029.0,127.0,,,4031,182,,,,,4030.5,0.0
1,112900,STRAWBERRIES,4029,203,,,,,4031,203,,,,,4030.0,0.0
1,113000,STRAWBERRIES,4029,240,,,,,4031,240,,,,,4030.0,0.0
1,113100,STRAWBERRIES,4029,252,,,,,4031,252,,,,,4030.0,0.0
1,113200,STRAWBERRIES,4029,248,,,,,4031,248,,,,,4030.0,0.0
1,113300,STRAWBERRIES,4029,244,,,,,4030,81,4031.0,152.0,,,4029.5,0.0
1,113400,STRAWBERRIES,4029,289,,,,,4031,289,,,,,4030.0,0.0
1,113500,STRAWBERRIES,4029,244,,,,,4031,244,,,,,4030.0,0.0
1,113600,STRAWBERRIES,4030,273,,,,,4031,84,4032.0,189.0,,,4030.5,0.0
1,113700,STRAWBERRIES,4030,204,,,,,4032,204,,,,,4031.0,0.0
1,113800,STRAWBERRIES,4030,173,,,,,4032,173,,,,,4031.0,0.0
1,113900,STRAWBERRIES,4030,275,,,,,4031,82,4032.0,193.0,,,4030.5,0.0
1,114000,STRAWBERRIES,4030,158,,,,,4031,158,,,,,4030.5,0.0
1,114100,STRAWBERRIES,4030,75,4029.0,173.0,,,4031,248,,,,,4030.5,0.0
1,114200,STRAWBERRIES,4030,222,,,,,4031,222,,,,,4030.5,0.0
1,114300,STRAWBERRIES,4029,186,,,,,4031,186,,,,,4030.0,0.0
1,114400,STRAWBERRIES,4030,67,4029.0,196.0,,,4031,263,,,,,4030.5,0.0
1,114500,STRAWBERRIES,4030,239,,,,,4032,239,,,,,4031.0,0.0
1,114600,STRAWBERRIES,4030,206,,,,,4032,206,,,,,4031.0,0.0
1,114700,STRAWBERRIES,4030,215,,,,,4032,215,,,,,4031.0,0.0
1,114800,STRAWBERRIES,4031,185,,,,,4033,185,,,,,4032.0,0.0
1,114900,STRAWBERRIES,4031,248,,,,,4032,248,,,,,4031.5,0.0
1,115000,STRAWBERRIES,4031,185,,,,,4032,185,,,,,4031.5,0.0
1,115100,STRAWBERRIES,4031,88,4030.0,167.0,,,4032,255,,,,,4031.5,0.0
1,115200,STRAWBERRIES,4031,257,,,,,4032,257,,,,,4031.5,0.0
1,115300,STRAWBERRIES,4031,230,,,,,4032,230,,,,,4031.5,0.0
1,115400,STRAWBERRIES,4030,166,,,,,4032,166,,,,,4031.0,0.0
1,115500,STRAWBERRIES,4031,49,4030.0,154.0,,,4032,206,,,,,4031.5,0.0
1,115600,STRAWBERRIES,4031,220,,,,,4032,220,,,,,4031.5,0.0
1,115700,STRAWBERRIES,4030,253,,,,,4031,72,4032.0,181.0,,,4030.5,0.0
1,115800,STRAWBERRIES,4029,177,,,,,4031,177,,,,,4030.0,0.0
1,115900,STRAWBERRIES,4030,177,,,,,4031,177,,,,,4030.5,0.0
1,116000,STRAWBERRIES,4030,252,,,,,4031,66,4032.0,186.0,,,4030.5,0.0
1,116100,STRAWBERRIES,4030,230,,,,,4032,230,,,,,4031.0,0.0
1,116200,STRAWBERRIES,4030,84,4029.0,112.0,,,4031,196,,,,,4030.5,0.0
1,116300,STRAWBERRIES,4030,243,,,,,4032,243,,,,,4031.0,0.0
1,116400,STRAWBERRIES,4031,98,4030.0,124.0,,,4032,222,,,,,4031.5,0.0
1,116500,STRAWBERRIES,4030,190,,,,,4032,190,,,,,4031.0,0.0
1,116600,STRAWBERRIES,4030,248,,,,,4032,248,,,,,4031.0,0.0
1,116700,STRAWBERRIES,4030,55,4029.0,132.0,,,4031,187,,,,,4030.5,0.0
1,116800,STRAWBERRIES,4030,198,,,,,4032,198,,,,,4031.0,0.0
1,116900,STRAWBERRIES,4030,216,,,,,4032,216,,,,,4031.0,0.0
1,117000,STRAWBERRIES,4030,63,4029.0,113.0,,,4031,176,,,,,4030.5,0.0
1,117100,STRAWBERRIES,4030,76,4029.0,134.0,,,4031,210,,,,,4030.5,0.0
1,117200,STRAWBERRIES,4030,151,,,,,4031,151,,,,,4030.5,0.0
1,117300,STRAWBERRIES,4030,86,4029.0,169.0,,,4031,255,,,,,4030.5,0.0
1,117400,STRAWBERRIES,4030,62,4029.0,197.0,,,4031,259,,,,,4030.5,0.0
1,117500,STRAWBERRIES,4030,266,,,,,4031,266,,,,,4030.5,0.0
1,117600,STRAWBERRIES,4030,227,,,,,4032,227,,,,,4031.0,0.0
1,117700,STRAWBERRIES,4031,58,4030.0,137.0,,,4032,195,,,,,4031.5,0.0
1,117800,STRAWBERRIES,4031,83,4030.0,149.0,,,4032,232,,,,,4031.5,0.0
1,117900,STRAWBERRIES,4030,220,,,,,4032,220,,,,,4031.0,0.0
1,118000,STRAWBERRIES,4030,193,,,,,4032,193,,,,,4031.0,0.0
1,118100,STRAWBERRIES,4030,232,,,,,4032,232,,,,,4031.0,0.0
1,118200,STRAWBERRIES,4031,255,,,,,4032,255,,,,,4031.5,0.0
1,118300,STRAWBERRIES,4031,217,,,,,4032,217,,,,,4031.5,0.0
1,118400,STRAWBERRIES,4030,287,,,,,4032,287,,,,,4031.0,0.0
1,118500,STRAWBERRIES,4031,262,,,,,4032,90,4033.0,172.0,,,4031.5,0.0
1,118600,STRAWBERRIES,4031,249,,,,,4033,249,,,,,4032.0,0.0
1,118700,STRAWBERRIES,4032,82,4031.0,148.0,,,4033,230,,,,,4032.5,0.0
1,118800,STRAWBERRIES,4032,195,,,,,4033,70,4034.0,125.0,,,4032.5,0.0
1,118900,STRAWBERRIES,4032,261,,,,,4034,261,,,,,4033.0,0.0
1,119000,STRAWBERRIES,4032,278,,,,,4034,278,,,,,4033.0,0.0
1,119100,STRAWBERRIES,4032,264,,,,,4034,264,,,,,4033.0,0.0
1,119200,STRAWBERRIES,4033,246,,,,,4034,51,4035.0,195.0,,,4033.5,0.0
1,119300,STRAWBERRIES,4033,277,,,,,4035,277,,,,,4034.0,0.0
1,119400,STRAWBERRIES,4033,220,,,,,4034,64,4035.0,156.0,,,4033.5,0.0
1,119500,STRAWBERRIES,4033,268,,,,,4034,268,,,,,4033.5,0.0
1,119600,STRAWBERRIES,4032,254,,,,,4034,254,,,,,4033.0,0.0
1,119700,STRAWBERRIES,4033,234,,,,,4034,92,4035.0,142.0,,,4033.5,0.0
1,119800,STRAWBERRIES,4033,278,,,,,4034,98,4035.0,180.0,,,4033.5,0.0
1,119900,STRAWBERRIES,4032,187,,,,,4034,187,,,,,4033.0,0.0
1,120000,STRAWBERRIES,4033,237,,,,,4035,237,,,,,4034.0,0.0
1,120100,STRAWBERRIES,4033,162,,,,,4035,162,,,,,4034.0,0.0
1,120200,STRAWBERRIES,4033,265,,,,,4034,265,,,,,4033.5,0.0
1,120300,STRAWBERRIES,4033,190,,,,,4034,190,,,,,4033.5,0.0
1,120400,STRAWBERRIES,4032,241,,,,,4033,60,4034.0,181.0,,,4032.5,0.0
1,120500,STRAWBERRIES,4032,92,4031.0,140.0,,,4033,232,,,,,4032.5,0.0
1,120600,STRAWBERRIES,4031,206,,,,,4033,206,,,,,4032.0,0.0
1,120700,STRAWBERRIES,4032,228,,,,,4033,221,,,,,4032.5,0.0
1,120800,STRAWBERRIES,4032,241,,,,,4033,241,,,,,4032.5,0.0
1,120900,STRAWBERRIES,4032,93,4031.0,118.0,,,4033,211,,,,,4032.5,0.0
1,121000,STRAWBERRIES,4031,256,,,,,4033,256,,,,,4032.0,0.0
1,121100,STRAWBERRIES,4031,206,,,,,4033,206,,,,,4032.0,0.0
1,121200,STRAWBERRIES,4032,7,4031.0,173.0,,,4033,173,,,,,4032.5,0.0
1,121300,STRAWBERRIES,4032,177,,,,,4034,177,,,,,4033.0,0.0
1,121400,STRAWBERRIES,4032,226,,,,,4034,226,,,,,4033.0,0.0
1,121500,STRAWBERRIES,4032,229,,,,,4033,52,4034.0,177.0,,,4032.5,0.0
1,121600,STRAWBERRIES,4033,213,,,,,4034,75,4035.0,138.0,,,4033.5,0.0
1,121700,STRAWBERRIES,4033,237,,,,,4035,237,,,,,4034.0,0.0
1,121800,STRAWBERRIES,4033,283,,,,,4034,84,4035.0,199.0,,,4033.5,0.0
1,121900,STRAWBERRIES,4033,189,,,,,4035,189,,,,,4034.0,0.0
1,122000,STRAWBERRIES,4033,197,,,,,4035,197,,,,,4034.0,0.0
1,122100,STRAWBERRIES,4033,98,4032.0,171.0,,,4034,269,,,,,4033.5,0.0
1,122200,STRAWBERRIES,4032,181,,,,,4034,181,,,,,4033.0,0.0
1,122300,STRAWBERRIES,4032,272,,,,,4034,272,,,,,4033.0,0.0
1,122400,STRAWBERRIES,4033,87,4032.0,191.0,,,4034,278,,,,,4033.5,0.0
1,122500,STRAWBERRIES,4033,254,,,,,4034,100,4035.0,154.0,,,4033.5,0.0
1,122600,STRAWBERRIES,4033,87,4032.0,157.0,,,4034,244,,,,,4033.5,0.0
1,122700,STRAWBERRIES,4032,228,,,,,4034,228,,,,,4033.0,0.0
1,122800,STRAWBERRIES,4033,93,4032.0,135.0,,,4034,228,,,,,4033.5,0.0
1,122900,STRAWBERRIES,4033,78,4032.0,113.0,,,4034,191,,,,,4033.5,0.0
1,123000,STRAWBERRIES,4033,225,,,,,4035,225,,,,,4034.0,0.0
1,123100,STRAWBERRIES,4033,241,,,,,4035,245,,,,,4034.0,0.0
1,123200,STRAWBERRIES,4032,260,,,,,4034,260,,,,,4033.0,0.0
1,123300,STRAWBERRIES,4032,213,,,,,4034,213,,,,,4033.0,0.0
1,123400,STRAWBERRIES,4033,208,,,,,4034,208,,,,,4033.5,0.0
1,123500,STRAWBERRIES,4032,241,,,,,4033,9,4034.0,241.0,,,4032.5,0.0
1,123600,STRAWBERRIES,4032,179,,,,,4034,179,,,,,4033.0,0.0
1,123700,STRAWBERRIES,4032,241,,,,,4033,241,,,,,4032.5,0.0
1,123800,STRAWBERRIES,4031,269,,,,,4033,269,,,,,4032.0,0.0
1,123900,STRAWBERRIES,4032,88,4031.0,149.0,,,4033,237,,,,,4032.5,0.0
1,124000,STRAWBERRIES,4032,222,,,,,4033,77,4034.0,149.0,,,4032.5,0.0
1,124100,STRAWBERRIES,4032,6,4031.0,260.0,,,4033,260,,,,,4032.5,0.0
1,124200,STRAWBERRIES,4031,232,,,,,4033,232,,,,,4032.0,0.0
1,124300,STRAWBERRIES,4031,254,,,,,4033,254,,,,,4032.0,0.0
1,124400,STRAWBERRIES,4031,223,,,,,4033,223,,,,,4032.0,0.0
1,124500,STRAWBERRIES,4031,240,,,,,4032,62,4033.0,178.0,,,4031.5,0.0
1,124600,STRAWBERRIES,4031,199,,,,,4032,199,,,,,4031.5,0.0
1,124700,STRAWBERRIES,4031,184,,,,,4033,184,,,,,4032.0,0.0
1,124800,STRAWBERRIES,4032,78,4031.0,165.0,,,4033,243,,,,,4032.5,0.0
1,124900,STRAWBERRIES,4032,269,,,,,4034,269,,,,,4033.0,0.0
1,125000,STRAWBERRIES,4033,185,,,,,4034,185,,,,,4033.5,0.0
1,125100,STRAWBERRIES,4032,196,,,,,4034,196,,,,,4033.0,0.0
1,125200,STRAWBERRIES,4032,222,,,,,4034,222,,,,,4033.0,0.0
1,125300,STRAWBERRIES,4033,180,,,,,4034,53,4035.0,127.0,,,4033.5,0.0
1,125400,STRAWBERRIES,4033,93,4032.0,146.0,,,4034,239,,,,,4033.5,0.0
1,125500,STRAWBERRIES,4032,172,,,,,4034,172,,,,,4033.0,0.0
1,125600,STRAWBERRIES,4032,236,,,,,4033,236,,,,,4032.5,0.0
1,125700,STRAWBERRIES,4032,92,4031.0,130.0,,,4033,222,,,,,4032.5,0.0
1,125800,STRAWBERRIES,4031,245,,,,,4033,239,,,,,4032.0,0.0
1,125900,STRAWBERRIES,4031,210,,,,,4033,210,,,,,4032.0,0.0
1,126000,STRAWBERRIES,4031,211,,,,,4033,211,,,,,4032.0,0.0
1,126100,STRAWBERRIES,4031,294,,,,,4033,294,,,,,4032.0,0.0
1,126200,STRAWBERRIES,4032,72,4031.0,194.0,,,4033,266,,,,,4032.5,0.0
1,126300,STRAWBERRIES,4032,266,,,,,4033,261,,,,,4032.5,0.0
1,126400,STRAWBERRIES,4032,265,,,,,4034,265,,,,,4033.0,0.0
1,126500,STRAWBERRIES,4033,227,,,,,4034,234,,,,,4033.5,0.0
1,126600,STRAWBERRIES,4033,253,,,,,4035,253,,,,,4034.0,0.0
1,126700,STRAWBERRIES,4034,59,4033.0,188.0,,,4035,247,,,,,4034.5,0.0
1,126800,STRAWBERRIES,4034,233,,,,,4035,63,4036.0,170.0,,,4034.5,0.0
1,126900,STRAWBERRIES,4034,277,,,,,4035,79,4036.0,198.0,,,4034.5,0.0
1,127000,STRAWBERRIES,4034,211,,,,,4035,74,4036.0,137.0,,,4034.5,0.0
1,127100,STRAWBERRIES,4034,160,,,,,4035,59,4036.0,101.0,,,4034.5,0.0
1,127200,STRAWBERRIES,4033,191,,,,,4035,191,,,,,4034.0,0.0
1,127300,STRAWBERRIES,4034,78,4033.0,190.0,,,4035,268,,,,,4034.5,0.0
1,127400,STRAWBERRIES,4034,196,,,,,4035,196,,,,,4034.5,0.0
1,127500,STRAWBERRIES,4034,79,4033.0,190.0,,,4035,269,,,,,4034.5,0.0
1,127600,STRAWBERRIES,4034,88,4033.0,189.0,,,4035,277,,,,,4034.5,0.0
1,127700,STRAWBERRIES,4034,85,4033.0,161.0,,,4035,246,,,,,4034.5,0.0
1,127800,STRAWBERRIES,4033,258,,,,,4035,258,,,,,4034.0,0.0
1,127900,STRAWBERRIES,4033,254,,,,,4035,254,,,,,4034.0,0.0
1,128000,STRAWBERRIES,4033,94,4032.0,152.0,,,4034,246,,,,,4033.5,0.0
1,128100,STRAWBERRIES,4032,238,,,,,4034,238,,,,,4033.0,0.0
1,128200,STRAWBERRIES,4032,274,,,,,4033,97,4034.0,177.0,,,4032.5,0.0
1,128300,STRAWBERRIES,4032,251,,,,,4033,251,,,,,4032.5,0.0
1,128400,STRAWBERRIES,4031,177,,,,,4033,177,,,,,4032.0,0.0
1,128500,STRAWBERRIES,4032,179,,,,,4033,78,4034.0,101.0,,,4032.5,0.0
1,128600,STRAWBERRIES,4032,228,,,,,4033,50,4034.0,178.0,,,4032.5,0.0
1,128700,STRAWBERRIES,4032,228,,,,,4033,228,,,,,4032.5,0.0
1,128800,STRAWBERRIES,4032,270,,,,,4034,270,,,,,4033.0,0.0
1,128900,STRAWBERRIES,4032,279,,,,,4033,92,4034.0,187.0,,,4032.5,0.0
1,129000,STRAWBERRIES,4032,157,,,,,4034,157,,,,,4033.0,0.0
1,129100,STRAWBERRIES,4032,179,,,,,4034,190,,,,,4033.0,0.0
1,129200,STRAWBERRIES,4032,75,4031.0,111.0,,,4033,186,,,,,4032.5,0.0
1,129300,STRAWBERRIES,4032,98,4031.0,165.0,,,4033,263,,,,,4032.5,0.0
1,129400,STRAWBERRIES,4032,56,4031.0,144.0,,,4033,204,,,,,4032.5,0.0
1,129500,STRAWBERRIES,4031,234,,,,,4033,234,,,,,4032.0,0.0
1,129600,STRAWBERRIES,4031,218,,,,,4033,218,,,,,4032.0,0.0
1,129700,STRAWBERRIES,4032,264,,,,,4033,80,4034.0,184.0,,,4032.5,0.0
1,129800,STRAWBERRIES,4032,74,4031.0,141.0,,,4033,215,,,,,4032.5,0.0
1,129900,STRAWBERRIES,4031,231,,,,,4033,231,,,,,4032.0,0.0
1,130000,STRAWBERRIES,4031,276,,,,,4033,276,,,,,4032.0,0.0
1,130100,STRAWBERRIES,4030,215,,,,,4032,215,,,,,4031.0,0.0
1,130200,STRAWBERRIES,4030,275,,,,,4032,275,,,,,4031.0,0.0
1,130300,STRAWBERRIES,4030,280,,,,,4032,280,,,,,4031.0,0.0
1,130400,STRAWBERRIES,4031,80,4030.0,154.0,,,4032,234,,,,,4031.5,0.0
1,130500,STRAWBERRIES,4031,81,4030.0,174.0,,,4032,255,,,,,4031.5,0.0
1,130600,STRAWBERRIES,4031,233,,,,,4033,233,,,,,4032.0,0.0
1,130700,STRAWBERRIES,4031,280,,,,,4032,280,,,,,4031.5,0.0
1,130800,STRAWBERRIES,4030,231,,,,,4032,231,,,,,4031.0,0.0
1,130900,STRAWBERRIES,4031,215,,,,,4033,215,,,,,4032.0,0.0
1,131000,STRAWBERRIES,4031,94,4030.0,120.0,,,4032,214,,,,,4031.5,0.0
1,131100,STRAWBERRIES,4031,268,,,,,4032,268,,,,,4031.5,0.0
1,131200,STRAWBERRIES,4030,246,,,,,4032,246,,,,,4031.0,0.0
1,131300,STRAWBERRIES,4030,204,,,,,4031,204,,,,,4030.5,0.0
1,131400,STRAWBERRIES,4030,80,4029.0,123.0,,,4031,200,,,,,4030.5,0.0
1,131500,STRAWBERRIES,4030,271,,,,,4031,85,4032.0,186.0,,,4030.5,0.0
1,131600,STRAWBERRIES,4030,256,,,,,4031,256,,,,,4030.5,0.0
1,131700,STRAWBERRIES,4030,90,4029.0,198.0,,,4031,288,,,,,4030.5,0.0
1,131800,STRAWBERRIES,4030,76,4029.0,151.0,,,4031,227,,,,,4030.5,0.0
1,131900,STRAWBERRIES,4030,245,,,,,4031,245,,,,,4030.5,0.0
1,132000,STRAWBERRIES,4030,233,,,,,4031,243,,,,,4030.5,0.0
1,132100,STRAWBERRIES,4030,55,4029.0,165.0,,,4031,220,,,,,4030.5,0.0
1,132200,STRAWBERRIES,4029,195,,,,,4030,84,4031.0,111.0,,,4029.5,0.0
1,132300,STRAWBERRIES,4030,259,,,,,4031,259,,,,,4030.5,0.0
1,132400,STRAWBERRIES,4029,229,,,,,4031,229,,,,,4030.0,0.0
1,132500,STRAWBERRIES,4029,207,,,,,4030,10,4031.0,207.0,,,4029.5,0.0
1,132600,STRAWBERRIES,4029,218,,,,,4031,218,,,,,4030.0,0.0
1,132700,STRAWBERRIES,4030,166,,,,,4032,166,,,,,4031.0,0.0
1,132800,STRAWBERRIES,4031,54,4030.0,167.0,,,4032,221,,,,,4031.5,0.0
1,132900,STRAWBERRIES,4031,63,4030.0,167.0,,,4032,230,,,,,4031.5,0.0
1,133000,STRAWBERRIES,4031,57,4030.0,189.0,,,4032,246,,,,,4031.5,0.0
1,133100,STRAWBERRIES,4031,224,,,,,4032,224,,,,,4031.5,0.0
1,133200,STRAWBERRIES,4031,226,,,,,4032,51,4033.0,175.0,,,4031.5,0.0
1,133300,STRAWBERRIES,4031,212,,,,,4033,212,,,,,4032.0,0.0
1,133400,STRAWBERRIES,4031,224,,,,,4033,224,,,,,4032.0,0.0
1,133500,STRAWBERRIES,4031,222,,,,,4033,222,,,,,4032.0,0.0
1,133600,STRAWBERRIES,4031,268,,,,,4033,268,,,,,4032.0,0.0
1,133700,STRAWBERRIES,4031,68,4030.0,173.0,,,4032,241,,,,,4031.5,0.0
1,133800,STRAWBERRIES,4031,77,4030.0,183.0,,,4032,260,,,,,4031.5,0.0
1,133900,STRAWBERRIES,4030,192,,,,,4031,59,4032.0,133.0,,,4030.5,0.0
1,134000,STRAWBERRIES,4031,88,4030.0,108.0,,,4032,196,,,,,4031.5,0.0
1,134100,STRAWBERRIES,4031,7,4030.0,260.0,,,4032,260,,,,,4031.5,0.0
1,134200,STRAWBERRIES,4030,192,,,,,4032,192,,,,,4031.0,0.0
1,134300,STRAWBERRIES,4031,92,4030.0,191.0,,,4032,283,,,,,4031.5,0.0
1,134400,STRAWBERRIES,4030,163,,,,,4032,163,,,,,4031.0,0.0
1,134500,STRAWBERRIES,4031,202,,,,,4032,66,4033.0,147.0,,,4031.5,0.0
1,134600,STRAWBERRIES,4031,177,,,,,4032,71,4033.0,106.0,,,4031.5,0.0
1,134700,STRAWBERRIES,4030,198,,,,,4032,198,,,,,4031.0,0.0
1,134800,STRAWBERRIES,4031,94,4030.0,196.0,,,4032,290,,,,,4031.5,0.0
1,134900,STRAWBERRIES,4030,237,,,,,4032,237,,,,,4031.0,0.0
1,135000,STRAWBERRIES,4030,231,,,,,4032,231,,,,,4031.0,0.0
1,135100,STRAWBERRIES,4030,197,,,,,4032,197,,,,,4031.0,0.0
1,135200,STRAWBERRIES,4031,91,4030.0,183.0,,,4032,274,,,,,4031.5,0.0
1,135300,STRAWBERRIES,4030,178,,,,,4032,178,,,,,4031.0,0.0
1,135400,STRAWBERRIES,4030,194,,,,,4032,194,,,,,4031.0,0.0
1,135500,STRAWBERRIES,4031,220,,,,,4032,61,4033.0,159.0,,,4031.5,0.0
1,135600,STRAWBERRIES,4031,268,,,,,4033,268,,,,,4032.0,0.0
1,135700,STRAWBERRIES,4032,214,,,,,4033,78,4034.0,136.0,,,4032.5,0.0
1,135800,STRAWBERRIES,4032,221,,,,,4033,69,4034.0,152.0,,,4032.5,0.0
1,135900,STRAWBERRIES,4032,296,,,,,4033,296,,,,,4032.5,0.0
1,136000,STRAWBERRIES,4032,271,,,,,4033,90,4034.0,181.0,,,4032.5,0.0
1,136100,STRAWBERRIES,4032,243,,,,,4034,243,,,,,4033.0,0.0
1,136200,STRAWBERRIES,4032,211,,,,,4033,203,,,,,4032.5,0.0
1,136300,STRAWBERRIES,4032,209,,,,,4033,209,,,,,4032.5,0.0
1,136400,STRAWBERRIES,4032,243,,,,,4033,97,4034.0,146.0,,,4032.5,0.0
1,136500,STRAWBERRIES,4032,210,,,,,4033,59,4034.0,151.0,,,4032.5,0.0
1,136600,STRAWBERRIES,4032,268,,,,,4033,77,4034.0,191.0,,,4032.5,0.0
1,136700,STRAWBERRIES,4032,252,,,,,4034,252,,,,,4033.0,0.0
1,136800,STRAWBERRIES,4032,258,,,,,4034,258,,,,,4033.0,0.0
1,136900,STRAWBERRIES,4032,219,,,,,4034,219,,,,,4033.0,0.0
1,137000,STRAWBERRIES,4032,189,,,,,4033,84,4034.0,105.0,,,4032.5,0.0
1,137100,STRAWBERRIES,4032,227,,,,,4034,227,,,,,4033.0,0.0
1,137200,STRAWBERRIES,4033,281,,,,,4034,90,4035.0,191.0,,,4033.5,0.0
1,137300,STRAWBERRIES,4033,263,,,,,4034,74,4035.0,189.0,,,4033.5,0.0
1,137400,STRAWBERRIES,4033,219,,,,,4034,64,4035.0,155.0,,,4033.5,0.0
1,137500,STRAWBERRIES,4033,242,,,,,4035,242,,,,,4034.0,0.0
1,137600,STRAWBERRIES,4033,269,,,,,4035,269,,,,,4034.0,0.0
1,137700,STRAWBERRIES,4033,199,,,,,4034,58,4035.0,141.0,,,4033.5,0.0
1,137800,STRAWBERRIES,4032,265,,,,,4034,265,,,,,4033.0,0.0
1,137900,STRAWBERRIES,4033,8,4032.0,227.0,,,4034,227,,,,,4033.5,0.0
1,138000,STRAWBERRIES,4033,58,4032.0,197.0,,,4034,255,,,,,4033.5,0.0
1,138100,STRAWBERRIES,4033,57,4032.0,142.0,,,4034,199,,,,,4033.5,0.0
1,138200,STRAWBERRIES,4033,213,,,,,4034,213,,,,,4033.5,0.0
1,138300,STRAWBERRIES,4033,185,,,,,4035,185,,,,,4034.0,0.0
1,138400,STRAWBERRIES,4033,253,,,,,4035,253,,,,,4034.0,0.0
1,138500,STRAWBERRIES,4033,203,,,,,4034,54,4035.0,149.0,,,4033.5,0.0
1,138600,STRAWBERRIES,4033,239,,,,,4034,67,4035.0,172.0,,,4033.5,0.0
1,138700,STRAWBERRIES,4033,192,,,,,4035,192,,,,,4034.0,0.0
1,138800,STRAWBERRIES,4034,221,,,,,4035,221,,,,,4034.5,0.0
1,138900,STRAWBERRIES,4034,263,,,,,4035,263,,,,,4034.5,0.0
1,139000,STRAWBERRIES,4034,232,,,,,4036,232,,,,,4035.0,0.0
1,139100,STRAWBERRIES,4034,170,,,,,4035,60,4036.0,110.0,,,4034.5,0.0
1,139200,STRAWBERRIES,4034,230,,,,,4035,100,4036.0,130.0,,,4034.5,0.0
1,139300,STRAWBERRIES,4034,262,,,,,4035,83,4036.0,187.0,,,4034.5,0.0
1,139400,STRAWBERRIES,4034,232,,,,,4035,51,4036.0,181.0,,,4034.5,0.0
1,139500,STRAWBERRIES,4035,100,4034.0,121.0,,,4036,218,,,,,4035.5,0.0
1,139600,STRAWBERRIES,4035,212,,,,,4036,55,4037.0,157.0,,,4035.5,0.0
1,139700,STRAWBERRIES,4035,223,,,,,4037,211,,,,,4036.0,0.0
1,139800,STRAWBERRIES,4035,227,,,,,4036,50,4037.0,177.0,,,4035.5,0.0
1,139900,STRAWBERRIES,4035,289,,,,,4037,289,,,,,4036.0,0.0
1,140000,STRAWBERRIES,4035,186,,,,,4037,186,,,,,4036.0,0.0
1,140100,STRAWBERRIES,4035,195,,,,,4036,52,4037.0,143.0,,,4035.5,0.0
1,140200,STRAWBERRIES,4035,250,,,,,4036,58,4037.0,192.0,,,4035.5,0.0
1,140300,STRAWBERRIES,4034,285,,,,,4036,285,,,,,4035.0,0.0
1,140400,STRAWBERRIES,4034,248,,,,,4036,248,,,,,4035.0,0.0
1,140500,STRAWBERRIES,4034,5,4033.0,229.0,,,4035,229,,,,,4034.5,0.0
1,140600,STRAWBERRIES,4033,273,,,,,4035,273,,,,,4034.0,0.0
1,140700,STRAWBERRIES,4033,54,4032.0,103.0,,,4034,157,,,,,4033.5,0.0
1,140800,STRAWBERRIES,4032,190,,,,,4034,190,,,,,4033.0,0.0
1,140900,STRAWBERRIES,4032,259,,,,,4034,259,,,,,4033.0,0.0
1,141000,STRAWBERRIES,4032,218,,,,,4034,218,,,,,4033.0,0.0
1,141100,STRAWBERRIES,4033,96,4032.0,165.0,,,4034,261,,,,,4033.5,0.0
1,141200,STRAWBERRIES,4033,193,,,,,4034,193,,,,,4033.5,0.0
1,141300,STRAWBERRIES,4033,206,,,,,4034,206,,,,,4033.5,0.0
1,141400,STRAWBERRIES,4032,213,,,,,4034,213,,,,,4033.0,0.0
1,141500,STRAWBERRIES,4033,66,4032.0,197.0,,,4034,263,,,,,4033.5,0.0
1,141600,STRAWBERRIES,4033,83,4032.0,149.0,,,4034,232,,,,,4033.5,0.0
1,141700,STRAWBERRIES,4032,220,,,,,4034,220,,,,,4033.0,0.0
1,141800,STRAWBERRIES,4032,91,4031.0,150.0,,,4033,241,,,,,4032.5,0.0
1,141900,STRAWBERRIES,4032,198,,,,,4034,198,,,,,4033.0,0.0
1,142000,STRAWBERRIES,4032,226,,,,,4034,226,,,,,4033.0,0.0
1,142100,STRAWBERRIES,4032,233,,,,,4034,233,,,,,4033.0,0.0
1,142200,STRAWBERRIES,4033,77,4032.0,138.0,,,4034,215,,,,,4033.5,0.0
1,142300,STRAWBERRIES,4033,58,4032.0,117.0,,,4034,168,,,,,4033.5,0.0
1,142400,STRAWBERRIES,4032,246,,,,,4034,246,,,,,4033.0,0.0
1,142500,STRAWBERRIES,4032,91,4031.0,191.0,,,4033,282,,,,,4032.5,0.0
1,142600,STRAWBERRIES,4031,276,,,,,4033,276,,,,,4032.0,0.0
1,142700,STRAWBERRIES,4031,210,,,,,4033,210,,,,,4032.0,0.0
1,142800,STRAWBERRIES,4032,57,4031.0,165.0,,,4033,222,,,,,4032.5,0.0
1,142900,STRAWBERRIES,4032,231,,,,,4033,84,4034.0,147.0,,,4032.5,0.0
1,143000,STRAWBERRIES,4032,225,,,,,4033,225,,,,,4032.5,0.0
1,143100,STRAWBERRIES,4032,238,,,,,4033,99,4034.0,139.0,,,4032.5,0.0
1,143200,STRAWBERRIES,4031,208,,,,,4033,208,,,,,4032.0,0.0
1,143300,STRAWBERRIES,4031,216,,,,,4032,97,4033.0,119.0,,,4031.5,0.0
1,143400,STRAWBERRIES,4032,53,4031.0,147.0,,,4033,200,,,,,4032.5,0.0
1,143500,STRAWBERRIES,4031,257,,,,,4033,257,,,,,4032.0,0.0
1,143600,STRAWBERRIES,4031,289,,,,,4032,289,,,,,4031.5,0.0
1,143700,STRAWBERRIES,4031,231,,,,,4032,97,4033.0,134.0,,,4031.5,0.0
1,143800,STRAWBERRIES,4032,59,4031.0,130.0,,,4033,189,,,,,4032.5,0.0
1,143900,STRAWBERRIES,4032,267,,,,,4033,267,,,,,4032.5,0.0
1,144000,STRAWBERRIES,4032,235,,,,,4033,98,4034.0,137.0,,,4032.5,0.0
1,144100,STRAWBERRIES,4032,62,4031.0,169.0,,,4033,231,,,,,4032.5,0.0
1,144200,STRAWBERRIES,4031,195,,,,,4033,195,,,,,4032.0,0.0
1,144300,STRAWBERRIES,4031,217,,,,,4032,93,4033.0,124.0,,,4031.5,0.0
1,144400,STRAWBERRIES,4031,282,,,,,4032,282,,,,,4031.5,0.0
1,144500,STRAWBERRIES,4031,201,,,,,4032,79,4033.0,122.0,,,4031.5,0.0
1,144600,STRAWBERRIES,4031,200,,,,,4032,200,,,,,4031.5,0.0
1,144700,STRAWBERRIES,4031,192,,,,,4032,192,,,,,4031.5,0.0
1,144800,STRAWBERRIES,4031,86,4030.0,187.0,,,4032,273,,,,,4031.5,0.0
1,144900,STRAWBERRIES,4031,247,,,,,4033,247,,,,,4032.0,0.0
1,145000,STRAWBERRIES,4032,280,,,,,4034,280,,,,,4033.0,0.0
1,145100,STRAWBERRIES,4033,243,,,,,4034,247,,,,,4033.5,0.0
1,145200,STRAWBERRIES,4032,233,,,,,4033,9,4034.0,233.0,,,4032.5,0.0
1,145300,STRAWBERRIES,4033,87,4032.0,164.0,,,4034,251,,,,,4033.5,0.0
1,145400,STRAWBERRIES,4033,97,4032.0,148.0,,,4034,245,,,,,4033.5,0.0
1,145500,STRAWBERRIES,4033,95,4032.0,114.0,,,4034,209,,,,,4033.5,0.0
1,145600,STRAWBERRIES,4033,168,,,,,4034,168,,,,,4033.5,0.0
1,145700,STRAWBERRIES,4033,243,,,,,4034,75,4035.0,168.0,,,4033.5,0.0
1,145800,STRAWBERRIES,4034,207,,,,,4035,52,4036.0,155.0,,,4034.5,0.0
1,145900,STRAWBERRIES,4034,212,,,,,4035,212,,,,,4034.5,0.0
1,146000,STRAWBERRIES,4034,7,4033.0,269.0,,,4035,269,,,,,4034.5,0.0
1,146100,STRAWBERRIES,4034,250,,,,,4035,250,,,,,4034.5,0.0
1,146200,STRAWBERRIES,4033,259,,,,,4035,259,,,,,4034.0,0.0
1,146300,STRAWBERRIES,4033,286,,,,,4034,88,4035.0,198.0,,,4033.5,0.0
1,146400,STRAWBERRIES,4033,202,,,,,4034,58,4035.0,144.0,,,4033.5,0.0
1,146500,STRAWBERRIES,4033,183,,,,,4035,183,,,,,4034.0,0.0
1,146600,STRAWBERRIES,4034,201,,,,,4035,201,,,,,4034.5,0.0
1,146700,STRAWBERRIES,4033,235,,,,,4034,88,4035.0,147.0,,,4033.5,0.0
1,146800,STRAWBERRIES,4033,227,,,,,4034,53,4035.0,174.0,,,4033.5,0.0
1,146900,STRAWBERRIES,4033,212,,,,,4034,212,,,,,4033.5,0.0
1,147000,STRAWBERRIES,4033,265,,,,,4034,265,,,,,4033.5,0.0
1,147100,STRAWBERRIES,4033,67,4032.0,170.0,,,4034,237,,,,,4033.5,0.0
1,147200,STRAWBERRIES,4033,233,,,,,4034,233,,,,,4033.5,0.0
1,147300,STRAWBERRIES,4033,55,4032.0,169.0,,,4034,224,,,,,4033.5,0.0
1,147400,STRAWBERRIES,4033,204,,,,,4034,204,,,,,4033.5,0.0
1,147500,STRAWBERRIES,4033,216,,,,,4034,216,,,,,4033.5,0.0
1,147600,STRAWBERRIES,4032,223,,,,,4033,76,4034.0,147.0,,,4032.5,0.0
1,147700,STRAWBERRIES,4032,241,,,,,4033,91,4034.0,150.0,,,4032.5,0.0
1,147800,STRAWBERRIES,4031,226,,,,,4033,226,,,,,4032.0,0.0
1,147900,STRAWBERRIES,4031,247,,,,,4033,247,,,,,4032.0,0.0
1,148000,STRAWBERRIES,4031,291,,,,,4033,291,,,,,4032.0,0.0
1,148100,STRAWBERRIES,4031,227,,,,,4033,227,,,,,4032.0,0.0
1,148200,STRAWBERRIES,4031,71,4030.0,199.0,,,4032,270,,,,,4031.5,0.0
1,148300,STRAWBERRIES,4030,230,,,,,4032,230,,,,,4031.0,0.0
1,148400,STRAWBERRIES,4030,81,4029.0,113.0,,,4031,194,,,,,4030.5,0.0
1,148500,STRAWBERRIES,4030,199,,,,,4031,199,,,,,4030.5,0.0
1,148600,STRAWBERRIES,4030,72,4029.0,175.0,,,4031,247,,,,,4030.5,0.0
1,148700,STRAWBERRIES,4029,216,,,,,4031,211,,,,,4030.0,0.0
1,148800,STRAWBERRIES,4029,212,,,,,4031,212,,,,,4030.0,0.0
1,148900,STRAWBERRIES,4029,203,,,,,4031,203,,,,,4030.0,0.0
1,149000,STRAWBERRIES,4030,94,4029.0,145.0,,,4031,239,,,,,4030.5,0.0
1,149100,STRAWBERRIES,4029,205,,,,,4030,73,4031.0,132.0,,,4029.5,0.0
1,149200,STRAWBERRIES,4029,66,4028.0,115.0,,,4030,181,,,,,4029.5,0.0
1,149300,STRAWBERRIES,4029,228,,,,,4031,228,,,,,4030.0,0.0
1,149400,STRAWBERRIES,4030,97,4029.0,158.0,,,4031,255,,,,,4030.5,0.0
1,149500,STRAWBERRIES,4029,220,,,,,4031,220,,,,,4030.0,0.0
1,149600,STRAWBERRIES,4029,216,,,,,4030,216,,,,,4029.5,0.0
1,149700,STRAWBERRIES,4029,72,4028.0,132.0,,,4030,213,,,,,4029.5,0.0
1,149800,STRAWBERRIES,4029,75,4028.0,102.0,,,4030,177,,,,,4029.5,0.0
1,149900,STRAWBERRIES,4029,196,,,,,4031,196,,,,,4030.0,0.0
1,150000,STRAWBERRIES,4029,171,,,,,4030,171,,,,,4029.5,0.0
1,150100,STRAWBERRIES,4029,188,,,,,4031,188,,,,,4030.0,0.0
1,150200,STRAWBERRIES,4029,251,,,,,4031,251,,,,,4030.0,0.0
1,150300,STRAWBERRIES,4029,254,,,,,4030,254,,,,,4029.5,0.0
1,150400,STRAWBERRIES,4028,199,,,,,4029,69,4030.0,130.0,,,4028.5,0.0
1,150500,STRAWBERRIES,4028,63,4027.0,127.0,,,4029,190,,,,,4028.5,0.0
1,150600,STRAWBERRIES,4027,187,,,,,4029,187,,,,,4028.0,0.0
1,150700,STRAWBERRIES,4027,64,4026.0,130.0,,,4028,194,,,,,4027.5,0.0
1,150800,STRAWBERRIES,4027,247,,,,,4028,93,4029.0,154.0,,,4027.5,0.0
1,150900,STRAWBERRIES,4027,220,,,,,4029,215,,,,,4028.0,0.0
1,151000,STRAWBERRIES,4027,192,,,,,4028,71,4029.0,121.0,,,4027.5,0.0
1,151100,STRAWBERRIES,4027,263,,,,,4029,263,,,,,4028.0,0.0
1,151200,STRAWBERRIES,4028,97,4027.0,100.0,,,4029,197,,,,,4028.5,0.0
1,151300,STRAWBERRIES,4028,198,,,,,4029,55,4030.0,143.0,,,4028.5,0.0
1,151400,STRAWBERRIES,4028,200,,,,,4030,200,,,,,4029.0,0.0
1,151500,STRAWBERRIES,4028,251,,,,,4029,85,4030.0,166.0,,,4028.5,0.0
1,151600,STRAWBERRIES,4028,212,,,,,4029,76,4030.0,144.0,,,4028.5,0.0
1,151700,STRAWBERRIES,4028,228,,,,,4029,235,,,,,4028.5,0.0
1,151800,STRAWBERRIES,4028,217,,,,,4029,225,,,,,4028.5,0.0
1,151900,STRAWBERRIES,4028,208,,,,,4030,217,,,,,4029.0,0.0
1,152000,STRAWBERRIES,4028,207,,,,,4030,207,,,,,4029.0,0.0
1,152100,STRAWBERRIES,4028,192,,,,,4030,192,,,,,4029.0,0.0
1,152200,STRAWBERRIES,4028,84,4027.0,146.0,,,4029,230,,,,,4028.5,0.0
1,152300,STRAWBERRIES,4027,244,,,,,4029,244,,,,,4028.0,0.0
1,152400,STRAWBERRIES,4027,190,,,,,4028,60,4029.0,137.0,,,4027.5,0.0
1,152500,STRAWBERRIES,4027,218,,,,,4028,55,4029.0,163.0,,,4027.5,0.0
1,152600,STRAWBERRIES,4027,216,,,,,4028,89,4029.0,124.0,,,4027.5,0.0
1,152700,STRAWBERRIES,4026,215,,,,,4028,215,,,,,4027.0,0.0
1,152800,STRAWBERRIES,4026,189,,,,,4028,189,,,,,4027.0,0.0
1,152900,STRAWBERRIES,4026,196,,,,,4028,196,,,,,4027.0,0.0
1,153000,STRAWBERRIES,4026,226,,,,,4027,226,,,,,4026.5,0.0
1,153100,STRAWBERRIES,4026,177,,,,,4027,76,4028.0,101.0,,,4026.5,0.0
1,153200,STRAWBERRIES,4026,229,,,,,4028,229,,,,,4027.0,0.0
1,153300,STRAWBERRIES,4026,237,,,,,4027,237,,,,,4026.5,0.0
1,153400,STRAWBERRIES,4025,267,,,,,4027,267,,,,,4026.0,0.0
1,153500,STRAWBERRIES,4025,259,,,,,4026,259,,,,,4025.5,0.0
1,153600,STRAWBERRIES,4025,261,,,,,4026,261,,,,,4025.5,0.0
1,153700,STRAWBERRIES,4025,88,4024.0,111.0,,,4026,199,,,,,4025.5,0.0
1,153800,STRAWBERRIES,4025,66,4024.0,195.0,,,4026,258,,,,,4025.5,0.0
1,153900,STRAWBERRIES,4025,97,4024.0,152.0,,,4026,249,,,,,4025.5,0.0
1,154000,STRAWBERRIES,4025,91,4024.0,109.0,,,4026,200,,,,,4025.5,0.0
1,154100,STRAWBERRIES,4025,12,4024.0,208.0,,,4026,208,,,,,4025.5,0.0
1,154200,STRAWBERRIES,4025,82,4024.0,190.0,,,4026,272,,,,,4025.5,0.0
1,154300,STRAWBERRIES,4024,157,,,,,4026,157,,,,,4025.0,0.0
1,154400,STRAWBERRIES,4024,216,,,,,4026,216,,,,,4025.0,0.0
1,154500,STRAWBERRIES,4024,55,4023.0,146.0,,,4025,201,,,,,4024.5,0.0
1,154600,STRAWBERRIES,4024,264,,,,,4025,80,4026.0,184.0,,,4024.5,0.0
1,154700,STRAWBERRIES,4024,276,,,,,4025,99,4026.0,177.0,,,4024.5,0.0
1,154800,STRAWBERRIES,4024,269,,,,,4025,12,4026.0,269.0,,,4024.5,0.0
1,154900,STRAWBERRIES,4025,64,4024.0,134.0,,,4026,198,,,,,4025.5,0.0
1,155000,STRAWBERRIES,4025,92,4024.0,154.0,,,4026,246,,,,,4025.5,0.0
1,155100,STRAWBERRIES,4025,256,,,,,4026,72,4027.0,184.0,,,4025.5,0.0
1,155200,STRAWBERRIES,4025,61,4024.0,123.0,,,4026,184,,,,,4025.5,0.0
1,155300,STRAWBERRIES,4025,182,,,,,4026,182,,,,,4025.5,0.0
1,155400,STRAWBERRIES,4025,217,,,,,4027,217,,,,,4026.0,0.0
1,155500,STRAWBERRIES,4025,204,,,,,4027,204,,,,,4026.0,0.0
1,155600,STRAWBERRIES,4025,261,,,,,4027,272,,,,,4026.0,0.0
1,155700,STRAWBERRIES,4025,197,,,,,4026,82,4027.0,115.0,,,4025.5,0.0
1,155800,STRAWBERRIES,4025,182,,,,,4026,182,,,,,4025.5,0.0
1,155900,STRAWBERRIES,4025,195,,,,,4027,195,,,,,4026.0,0.0
1,156000,STRAWBERRIES,4025,174,,,,,4026,174,,,,,4025.5,0.0
1,156100,STRAWBERRIES,4024,264,,,,,4026,264,,,,,4025.0,0.0
1,156200,STRAWBERRIES,4025,195,,,,,4026,195,,,,,4025.5,0.0
1,156300,STRAWBERRIES,4025,84,4024.0,175.0,,,4026,259,,,,,4025.5,0.0
1,156400,STRAWBERRIES,4025,97,4024.0,127.0,,,4026,224,,,,,4025.5,0.0
1,156500,STRAWBERRIES,4025,80,4024.0,163.0,,,4026,243,,,,,4025.5,0.0
1,156600,STRAWBERRIES,4025,187,,,,,4026,178,,,,,4025.5,0.0
1,156700,STRAWBERRIES,4025,191,,,,,4027,191,,,,,4026.0,0.0
1,156800,STRAWBERRIES,4026,153,,,,,4027,153,,,,,4026.5,0.0
1,156900,STRAWBERRIES,4026,78,4025.0,187.0,,,4027,265,,,,,4026.5,0.0
1,157000,STRAWBERRIES,4026,90,4025.0,120.0,,,4027,210,,,,,4026.5,0.0
1,157100,STRAWBERRIES,4025,256,,,,,4026,74,4027.0,182.0,,,4025.5,0.0
1,157200,STRAWBERRIES,4025,257,,,,,4026,257,,,,,4025.5,0.0
1,157300,STRAWBERRIES,4025,91,4024.0,192.0,,,4026,283,,,,,4025.5,0.0
1,157400,STRAWBERRIES,4025,63,4024.0,159.0,,,4026,222,,,,,4025.5,0.0
1,157500,STRAWBERRIES,4025,249,,,,,4026,249,,,,,4025.5,0.0
1,157600,STRAWBERRIES,4025,235,,,,,4026,235,,,,,4025.5,0.0
1,157700,STRAWBERRIES,4024,225,,,,,4025,60,4026.0,165.0,,,4024.5,0.0
1,157800,STRAWBERRIES,4024,299,,,,,4026,299,,,,,4025.0,0.0
1,157900,STRAWBERRIES,4024,275,,,,,4026,270,,,,,4025.0,0.0
1,158000,STRAWBERRIES,4024,181,,,,,4026,181,,,,,4025.0,0.0
1,158100,STRAWBERRIES,4025,62,4024.0,139.0,,,4026,201,,,,,4025.5,0.0
1,158200,STRAWBERRIES,4025,251,,,,,4026,251,,,,,4025.5,0.0
1,158300,STRAWBERRIES,4025,188,,,,,4027,188,,,,,4026.0,0.0
1,158400,STRAWBERRIES,4025,172,,,,,4027,172,,,,,4026.0,0.0
1,158500,STRAWBERRIES,4025,200,,,,,4026,58,4027.0,142.0,,,4025.5,0.0
1,158600,STRAWBERRIES,4025,232,,,,,4026,232,,,,,4025.5,0.0
1,158700,STRAWBERRIES,4025,252,,,,,4026,76,4027.0,176.0,,,4025.5,0.0
1,158800,STRAWBERRIES,4024,214,,,,,4026,214,,,,,4025.0,0.0
1,158900,STRAWBERRIES,4024,271,,,,,4025,87,4026.0,184.0,,,4024.5,0.0
1,159000,STRAWBERRIES,4023,200,,,,,4025,200,,,,,4024.0,0.0
1,159100,STRAWBERRIES,4023,239,,,,,4025,239,,,,,4024.0,0.0
1,159200,STRAWBERRIES,4024,296,,,,,4026,296,,,,,4025.0,0.0
1,159300,STRAWBERRIES,4025,286,,,,,4026,286,,,,,4025.5,0.0
